1748 3204
512 662 602 708 DE
637 661 994 712 OLYMPICIS
1030 662 1244 711 LUDIS.

158 930 439 977 OLYMPICI
480 927 639 989 LUDI,
680 914 730 977 in
777 930 959 978 Graecia
1005 928 1308 988 celeberrimi,
1349 928 1406 975 ab
1453 926 1673 991 Olympia

91 1004 236 1053 Elidis
292 1006 405 1052 urbe
463 1022 638 1053 nomen
693 1005 894 1061 habent3
950 1005 1167 1069 Olympia
1223 1021 1251 1052 a
1305 1003 1454 1051 vicino
1511 1010 1674 1050 monte

92 1079 329 1144 Olympo;
366 1097 471 1144 quae
506 1090 553 1128 et
575 1081 694 1137 Pisa,
731 1080 966 1143 Stephano
1003 1089 1206 1133 auctore,
1247 1078 1515 1142 appellatur.
1583 1076 1675 1124 Vel

92 1154 157 1201 sic
193 1155 303 1201 dicti
340 1164 462 1213 sunt,
497 1155 621 1219 quod
659 1154 705 1201 in
730 1155 858 1202 Jovis
884 1154 1091 1218 Olympii
1130 1154 1355 1200 honorem
1391 1154 1448 1199 ab
1475 1150 1676 1199 Hercule

90 1227 289 1276 instituti
313 1229 519 1277 fuissent.
590 1229 654 1276 Hi
684 1229 780 1276 ludi
815 1230 1160 1276 celebrabantur
1180 1228 1230 1274 in
1254 1227 1488 1292 Olympia,
1513 1226 1676 1290 quinto

92 1321 275 1368 quoque
315 1321 454 1362 anno,
495 1296 914 1364 unde’Oavffimozq
950 1320 1032 1366 pro
1071 1305 1227 1360 lustro,
1262 1319 1344 1349 seu
1380 1300 1676 1366 quinquennio

92 1387 355 1442 usurpatur.
426 1378 612 1426 Scholia
637 1378 819 1434 Graeca,
842 1386 890 1424 et
911 1378 1008 1441 ipse
1033 1377 1258 1442 Pindarus
1282 1377 1361 1424 Ol.
1388 1377 1450 1424 ΙΙ.
1476 1375 1678 1423 referunt

91 1453 430 1500 institutionem
483 1453 604 1499 hanc
649 1451 868 1498 ludorum
902 1443 1260 1515 Olympicorum
1311 1451 1371 1498 ad
1407 1449 1675 1497 Herculem.

93 1529 214 1576 Item
257 1528 420 1575 Od.x.
446 1527 652 1589 ejusdem
690 1525 808 1572 libri.
880 1527 999 1572 Item
1038 1526 1222 1580 Strabo,
1260 1525 1486 1573 lib.v111.
1556 1525 1677 1571 Her-

93 1602 235 1659 cules,
270 1603 332 1648 ob
367 1610 584 1664 negatam
618 1601 703 1647 sibi
744 1599 1008 1646 mercedem
1032 1601 1089 1647 ab
1112 1601 1277 1664 Augea
1300 1600 1522 1647 Eleorum
1553 1616 1676 1662 rege,

94 1677 287 1725 collecta
327 1676 585 1724 vicinorum
621 1692 781 1733 manu,
813 1675 997 1722 Elidem
1032 1675 1212 1734 invasit,
1235 1677 1450 1740 Augeam
1492 1674 1677 1732 occidit,

92 1760 140 1799 et
179 1751 573 1799 commilitonibus
609 1749 902 1814 gratitudinis
937 1766 1047 1813 ergo
1081 1750 1215 1798 ludos
1251 1750 1459 1814 publicos
1482 1748 1676 1813 aperuit,

93 1843 151 1874 ex
189 1826 344 1890 spoliis
381 1825 572 1890 praemia
607 1842 886 1889 proponens.
956 1826 1027 1872 Ita
1049 1835 1206 1873 autem
1228 1826 1444 1884 instituit,
1466 1833 1520 1872 ut
1541 1825 1677 1888 plena

93 1902 228 1949 Luna
273 1910 615 1965 peragerentur.
689 1900 881 1947 Initium
924 1909 1021 1947 erat
1059 1900 1307 1948 undecimo
1350 1901 1426 1948 die
1472 1899 1678 1955 mensis3

93 1994 146 2024 ac
170 1994 252 2040 per
275 1976 370 2023 dies
394 1985 592 2040 quatuor
629 1976 882 2023 certamina
912 1976 1041 2024 er'ant
1063 1977 1112 2024 in
1137 1977 1266 2024 omni
1297 1993 1468 2042 genere
1491 1975 1678 2034 artium,

92 2050 347 2116 praesertim
402 2051 452 2097 in
505 2052 672 2109 Cursu,
730 2052 895 2110 Lucta,
947 2052 1095 2111 Saltu,
1146 2052 1308 2111 Disco,
1353 2051 1678 2115 Quinquertio.
1746 2055 1748 2098 ζ

96 2125 411 2173 Conveniebat
433 2126 491 2173 ad
516 2143 570 2173 ea
593 2126 854 2188 spectacula
888 2126 1099 2174 universa
1123 2127 1320 2175 Graecia.
1389 2125 1481 2174 Die
1504 2125 1677 2173 mensis

94 2200 279 2248 decimo
303 2210 431 2248 sexto
455 2201 701 2249 victoribus
736 2201 929 2265 praemia
965 2203 1330 2251 decernebantur
1351 2218 1433 2265 per
1457 2201 1680 2248 Hellano·

94 2275 235 2323 dicas.
305 2277 450 2323 Erant
473 2285 629 2323 autem
655 2293 711 2323 ex
734 2277 917 2324 oleastri
942 2278 1097 2325 ramis.
1168 2277 1359 2335 Plinius,
1384 2277 1462 2324 lib.
1489 2290 1677 2322 xxxlv.

94 2368 194 2415 cap.
218 2360 266 2398 4.
337 2351 432 2405 Qui
455 2352 597 2399 semel
620 2352 816 2410 vicisset,
841 2352 1006 2417 inquit,
1038 2354 1079 2400 ei
1104 2353 1364 2417 erigebatur
1387 2361 1564 2399 statua:
1599 2351 1677 2415 qui

93 2442 201 2472 vero
225 2434 311 2484 ter,
345 2426 386 2473 ei
410 2426 647 2490 erigebant
670 2436 860 2487 statuas,
885 2430 1108 2493 expressis
1133 2429 1274 2477 etiam
1295 2428 1503 2492 ipsorum
1527 2441 1674 2473 mem-

93 2500 203 2558 bris,
228 2517 340 2564 quas
368 2502 530 2549 Iconas
556 2503 794 2549 vocabant.

1310 2576 1611 2624 BENEDICT.
1682 2579 1688 2586 '
