<?xml version="1.0" encoding="UTF-8"?>
<!DOCTYPE html PUBLIC "-//W3C//DTD XHTML 1.0 Transitional//EN"
    "http://www.w3.org/TR/xhtml1/DTD/xhtml1-transitional.dtd">
<html xmlns="http://www.w3.org/1999/xhtml" xml:lang="en" lang="en">
 <head>
  <title>
</title>
<meta http-equiv="Content-Type" content="text/html;charset=utf-8" />
  <meta name='ocr-system' content='tesseract 3.04.00' />
  <meta name='ocr-capabilities' content='ocr_page ocr_carea ocr_par ocr_line ocrx_word'/>
</head>
<body>
  <div class='ocr_page' id='page_1' title='image "./pindaricarminaju00pinduoft_0482.png"; bbox 0 0 1826 3178; ppageno 0'>
   <div class='ocr_carea' id='block_1_1' title="bbox 143 179 1253 268">
    <p class='ocr_par' dir='ltr' id='par_1_1' title="bbox 143 179 1253 268">
     <span class='ocr_line' id='line_1_1' title="bbox 143 179 1253 268; baseline -0.004 -5"><span class='ocrx_word' id='word_1_1' title='bbox 143 179 266 263; x_wconf 17' lang='lat'>444*</span> <span class='ocrx_word' id='word_1_2' title='bbox 675 214 971 268; x_wconf 88' lang='lat' dir='ltr'>NEMEA,</span> <span class='ocrx_word' id='word_1_3' title='bbox 1031 215 1253 260; x_wconf 50' lang='grc' dir='ltr'>ΟΙ&gt;.ΧῙ.Χ</span> 
     </span>
    </p>
   </div>
   <div class='ocr_carea' id='block_1_2' title="bbox 825 566 1086 608">
    <p class='ocr_par' dir='ltr' id='par_1_2' title="bbox 825 566 1086 608">
     <span class='ocr_line' id='line_1_2' title="bbox 825 566 1086 608; baseline 0.015 -4"><span class='ocrx_word' id='word_1_4' title='bbox 825 572 868 605; x_wconf 91' lang='grc' dir='ltr'>Ε.</span> <span class='ocrx_word' id='word_1_5' title='bbox 881 568 928 606; x_wconf 83' lang='grc' dir='ltr'>α’.</span> <span class='ocrx_word' id='word_1_6' title='bbox 984 573 1028 607; x_wconf 88' lang='grc' dir='ltr'>Κ.</span> <span class='ocrx_word' id='word_1_7' title='bbox 1043 566 1086 608; x_wconf 71' lang='grc' dir='ltr'>ς’.</span> 
     </span>
    </p>
   </div>
   <div class='ocr_carea' id='block_1_3' title="bbox 333 633 1691 1140">
    <p class='ocr_par' dir='ltr' id='par_1_3' title="bbox 333 633 1691 1140">
     <span class='ocr_line' id='line_1_3' title="bbox 437 633 1691 740; baseline 0.005 -22"><span class='ocrx_word' id='word_1_8' title='bbox 437 633 585 718; x_wconf 84' lang='grc' dir='ltr'>ΠΑΙ</span> <span class='ocrx_word' id='word_1_9' title='bbox 610 663 762 724; x_wconf 75' lang='grc' dir='ltr'><em>Ῥέας,</em></span> <span class='ocrx_word' id='word_1_10' title='bbox 795 664 831 717; x_wconf 76' lang='grc' dir='ltr'>οἵ</span> <span class='ocrx_word' id='word_1_11' title='bbox 853 690 900 718; x_wconf 77' lang='grc' dir='ltr'>τε</span> <span class='ocrx_word' id='word_1_12' title='bbox 928 673 1189 740; x_wconf 67' lang='grc' dir='ltr'><em>Πξυτανεῖα</em></span> <span class='ocrx_word' id='word_1_13' title='bbox 1211 666 1477 740; x_wconf 74' lang='grc' dir='ltr'><em>λέλογχας,</em></span> <span class='ocrx_word' id='word_1_14' title='bbox 1505 671 1691 734; x_wconf 72' lang='grc' dir='ltr'>Ἑστία,</span> 
     </span>
     <span class='ocr_line' id='line_1_4' title="bbox 439 746 1643 825; baseline 0.004 -25"><span class='ocrx_word' id='word_1_15' title='bbox 439 746 572 807; x_wconf 66' lang='grc' dir='ltr'>Ζηνὸς</span> <span class='ocrx_word' id='word_1_16' title='bbox 601 747 805 813; x_wconf 66' lang='grc' dir='ltr'><strong><em>ὑψίστου</em></strong></span> <span class='ocrx_word' id='word_1_17' title='bbox 831 750 1091 812; x_wconf 72' lang='grc' dir='ltr'>κασιγνῆτα</span> <span class='ocrx_word' id='word_1_18' title='bbox 1116 751 1198 802; x_wconf 78' lang='grc' dir='ltr'>καὶ</span> <span class='ocrx_word' id='word_1_19' title='bbox 1225 750 1452 824; x_wconf 68' lang='grc' dir='ltr'>ὅμοθξόνου</span> <span class='ocrx_word' id='word_1_20' title='bbox 1469 750 1643 825; x_wconf 68' lang='grc' dir='ltr'><em>”Ηξας,</em></span> 
     </span>
     <span class='ocr_line' id='line_1_5' title="bbox 436 826 1580 905; baseline 0.006 -25"><span class='ocrx_word' id='word_1_21' title='bbox 436 826 508 881; x_wconf 63' lang='lat' dir='ltr'>Eg</span> <span class='ocrx_word' id='word_1_22' title='bbox 528 828 611 899; x_wconf 68' lang='grc' dir='ltr'>μὲν</span> <span class='ocrx_word' id='word_1_23' title='bbox 634 826 977 900; x_wconf 53' lang='grc' dir='ltr'>Ἀρισταγόραν</span> <span class='ocrx_word' id='word_1_24' title='bbox 1004 827 1247 901; x_wconf 54' lang='grc' dir='ltr'>δέξαισεόν</span> <span class='ocrx_word' id='word_1_25' title='bbox 1268 833 1310 892; x_wconf 80' lang='grc' dir='ltr'>ἐς</span> <span class='ocrx_word' id='word_1_26' title='bbox 1336 835 1580 905; x_wconf 61' lang='grc' dir='ltr'>θάλαμον,</span> 
     </span>
     <span class='ocr_line' id='line_1_6' title="bbox 439 901 1430 982; baseline 0.006 -19"><span class='ocrx_word' id='word_1_27' title='bbox 439 908 511 963; x_wconf 58' lang='lat' dir='ltr'>Eg</span> <span class='ocrx_word' id='word_1_28' title='bbox 538 910 572 963; x_wconf 79' lang='grc' dir='ltr'>δ’</span> <span class='ocrx_word' id='word_1_29' title='bbox 602 909 821 982; x_wconf 56' lang='grc' dir='ltr'><em>ἑταίρους,</em></span> <span class='ocrx_word' id='word_1_30' title='bbox 852 901 1241 979; x_wconf 57' lang='grc' dir='ltr'>ἀγλαῶσκᾶπτω</span> <span class='ocrx_word' id='word_1_31' title='bbox 1264 913 1430 976; x_wconf 77' lang='grc' dir='ltr'><em>πέλας,</em></span> 
     </span>
     <span class='ocr_line' id='line_1_7' title="bbox 333 991 992 1065; baseline 0.002 -21"><span class='ocrx_word' id='word_1_32' title='bbox 333 1004 361 1044; x_wconf 88' lang='grc'><em>5</em></span> <span class='ocrx_word' id='word_1_33' title='bbox 443 991 517 1044; x_wconf 78' lang='grc' dir='ltr'>Οἵ</span> <span class='ocrx_word' id='word_1_34' title='bbox 535 1015 582 1044; x_wconf 82' lang='grc' dir='ltr'>σε</span> <span class='ocrx_word' id='word_1_35' title='bbox 613 991 892 1064; x_wconf 68' lang='grc' dir='ltr'><em>γεξαίξοντες</em></span> <span class='ocrx_word' id='word_1_36' title='bbox 918 993 992 1065; x_wconf 66' lang='grc' dir='ltr'>ὃς·</span> 
     </span>
     <span class='ocr_line' id='line_1_8' title="bbox 511 1074 1136 1140; baseline 0.006 -15"><span class='ocrx_word' id='word_1_37' title='bbox 511 1074 589 1125; x_wconf 76' lang='grc' dir='ltr'>θαν</span> <span class='ocrx_word' id='word_1_38' title='bbox 615 1075 915 1140; x_wconf 73' lang='grc' dir='ltr'>φυλάσσοισιν</span> <span class='ocrx_word' id='word_1_39' title='bbox 941 1074 1136 1139; x_wconf 75' lang='grc' dir='ltr'><em>Τένεδον,</em></span> 
     </span>
    </p>
   </div>
   <div class='ocr_carea' id='block_1_4' title="bbox 807 1220 1077 1260">
    <p class='ocr_par' dir='ltr' id='par_1_4' title="bbox 807 1220 1077 1260">
     <span class='ocr_line' id='line_1_9' title="bbox 807 1220 1077 1260; baseline 0.011 -3"><span class='ocrx_word' id='word_1_40' title='bbox 807 1226 851 1258; x_wconf 88' lang='lat' dir='ltr'>A.</span> <span class='ocrx_word' id='word_1_41' title='bbox 869 1221 916 1259; x_wconf 84' lang='grc' dir='ltr'>α’.</span> <span class='ocrx_word' id='word_1_42' title='bbox 973 1225 1017 1259; x_wconf 88' lang='lat' dir='ltr'>K.</span> <span class='ocrx_word' id='word_1_43' title='bbox 1033 1220 1077 1260; x_wconf 70' lang='grc' dir='ltr'>ς’.</span> 
     </span>
    </p>
   </div>
   <div class='ocr_carea' id='block_1_5' title="bbox 439 1298 1744 1456">
    <p class='ocr_par' dir='ltr' id='par_1_5' title="bbox 439 1298 1744 1456">
     <span class='ocr_line' id='line_1_10' title="bbox 441 1298 1638 1375; baseline 0.006 -25"><span class='ocrx_word' id='word_1_44' title='bbox 441 1299 618 1351; x_wconf 67' lang='grc' dir='ltr'>Πολλοὶ</span> <span class='ocrx_word' id='word_1_45' title='bbox 643 1298 726 1368; x_wconf 68' lang='grc' dir='ltr'>μὲν</span> <span class='ocrx_word' id='word_1_46' title='bbox 752 1301 979 1352; x_wconf 65' lang='grc' dir='ltr'>λοιέαῖσιν</span> <span class='ocrx_word' id='word_1_47' title='bbox 1005 1300 1287 1372; x_wconf 74' lang='grc' dir='ltr'><em>ἀγαζόμενοι</em></span> <span class='ocrx_word' id='word_1_48' title='bbox 1309 1302 1482 1375; x_wconf 71' lang='grc' dir='ltr'><em>πξῶταν</em></span> <span class='ocrx_word' id='word_1_49' title='bbox 1507 1306 1638 1365; x_wconf 62' lang='grc' dir='ltr'>ὃεῶν,</span> 
     </span>
     <span class='ocr_line' id='line_1_11' title="bbox 439 1380 1744 1456; baseline 0.005 -23"><span class='ocrx_word' id='word_1_50' title='bbox 439 1381 617 1434; x_wconf 73' lang='grc' dir='ltr'><strong>Πολλοὶ</strong></span> <span class='ocrx_word' id='word_1_51' title='bbox 639 1381 683 1434; x_wconf 67' lang='grc' dir='ltr'>δὲ</span> <span class='ocrx_word' id='word_1_52' title='bbox 704 1382 884 1451; x_wconf 75' lang='grc' dir='ltr'><strong><em>κνίσσᾳ·</em></strong></span> <span class='ocrx_word' id='word_1_53' title='bbox 917 1381 1039 1454; x_wconf 68' lang='grc' dir='ltr'>λῦςα</span> <span class='ocrx_word' id='word_1_54' title='bbox 1059 1380 1104 1435; x_wconf 70' lang='grc' dir='ltr'>δέ</span> <span class='ocrx_word' id='word_1_55' title='bbox 1125 1397 1225 1450; x_wconf 81' lang='grc' dir='ltr'><strong><em>σφιν</em></strong></span> <span class='ocrx_word' id='word_1_56' title='bbox 1243 1383 1472 1456; x_wconf 73' lang='grc' dir='ltr'><em>βξέμεται</em></span> <span class='ocrx_word' id='word_1_57' title='bbox 1489 1386 1569 1438; x_wconf 75' lang='grc' dir='ltr'>καὶ</span> <span class='ocrx_word' id='word_1_58' title='bbox 1591 1385 1744 1439; x_wconf 75' lang='grc' dir='ltr'><strong><em>ἀοιδά·</em></strong></span> 
     </span>
    </p>
   </div>
   <div class='ocr_carea' id='block_1_6' title="bbox 521 1564 1375 1662">
    <p class='ocr_par' dir='ltr' id='par_1_6' title="bbox 521 1564 1375 1662">
     <span class='ocr_line' id='line_1_12' title="bbox 693 1564 1166 1604; baseline 0 -8"><span class='ocrx_word' id='word_1_59' title='bbox 693 1564 839 1596; x_wconf 85' lang='lat' dir='ltr'>NOTAE</span> <span class='ocrx_word' id='word_1_60' title='bbox 866 1564 1166 1604; x_wconf 83' lang='lat' dir='ltr'>HEYNIANAE;</span> 
     </span>
     <span class='ocr_line' id='line_1_13' title="bbox 521 1625 1375 1662; baseline 0.004 -6"><span class='ocrx_word' id='word_1_61' title='bbox 521 1625 747 1658; x_wconf 68' lang='lat' dir='ltr'>Imnnrosnrs</span> <span class='ocrx_word' id='word_1_62' title='bbox 774 1626 976 1662; x_wconf 72' lang='lat' dir='ltr'>Qumusmu</span> <span class='ocrx_word' id='word_1_63' title='bbox 1001 1627 1375 1659; x_wconf 80' lang='lat' dir='ltr'>BENEDICTINIS.</span> 
     </span>
    </p>
   </div>
   <div class='ocr_carea' id='block_1_7' title="bbox 150 1718 1752 2121">
    <p class='ocr_par' dir='ltr' id='par_1_7' title="bbox 150 1718 1748 1809">
     <span class='ocr_line' id='line_1_14' title="bbox 198 1718 1748 1763; baseline 0.001 -8"><span class='ocrx_word' id='word_1_64' title='bbox 198 1730 226 1757; x_wconf 87' lang='lat'>1.</span> <span class='ocrx_word' id='word_1_65' title='bbox 253 1721 390 1755; x_wconf 81' lang='lat' dir='ltr'><strong>Publica</strong></span> <span class='ocrx_word' id='word_1_66' title='bbox 402 1731 467 1758; x_wconf 85' lang='lat' dir='ltr'>ara,</span> <span class='ocrx_word' id='word_1_67' title='bbox 484 1721 578 1759; x_wconf 66' lang='grc' dir='ltr'>ἱστία,</span> <span class='ocrx_word' id='word_1_68' title='bbox 601 1722 705 1760; x_wconf 77' lang='lat' dir='ltr'>focuS,</span> <span class='ocrx_word' id='word_1_69' title='bbox 730 1718 861 1754; x_wconf 83' lang='lat' dir='ltr'>urbium</span> <span class='ocrx_word' id='word_1_70' title='bbox 877 1729 926 1754; x_wconf 81' lang='lat' dir='ltr'>est</span> <span class='ocrx_word' id='word_1_71' title='bbox 970 1721 1067 1754; x_wconf 74' lang='lat' dir='ltr'>modo</span> <span class='ocrx_word' id='word_1_72' title='bbox 1084 1723 1151 1763; x_wconf 85' lang='lat' dir='ltr'>igni</span> <span class='ocrx_word' id='word_1_73' title='bbox 1173 1730 1293 1754; x_wconf 77' lang='lat' dir='ltr'>aeterno</span> <span class='ocrx_word' id='word_1_74' title='bbox 1319 1729 1352 1755; x_wconf 84' lang='lat' dir='ltr'>et</span> <span class='ocrx_word' id='word_1_75' title='bbox 1372 1723 1526 1755; x_wconf 76' lang='lat' dir='ltr'>libatione</span> <span class='ocrx_word' id='word_1_76' title='bbox 1540 1735 1666 1756; x_wconf 84' lang='lat' dir='ltr'>sacrum</span> <span class='ocrx_word' id='word_1_77' title='bbox 1679 1725 1748 1757; x_wconf 75' lang='lat' dir='ltr'>fac-</span> 
     </span>
     <span class='ocr_line' id='line_1_15' title="bbox 150 1765 1748 1809; baseline -0.001 -7"><span class='ocrx_word' id='word_1_78' title='bbox 150 1771 186 1802; x_wconf 76' lang='lat' dir='ltr'>in</span> <span class='ocrx_word' id='word_1_79' title='bbox 204 1767 382 1809; x_wconf 79' lang='lat' dir='ltr'>Prytaneis,</span> <span class='ocrx_word' id='word_1_80' title='bbox 399 1771 431 1797; x_wconf 88' lang='lat' dir='ltr'>et</span> <span class='ocrx_word' id='word_1_81' title='bbox 445 1766 481 1796; x_wconf 89' lang='lat' dir='ltr'>in</span> <span class='ocrx_word' id='word_1_82' title='bbox 496 1765 536 1796; x_wconf 84' lang='lat' dir='ltr'>iis</span> <span class='ocrx_word' id='word_1_83' title='bbox 551 1766 751 1806; x_wconf 76' lang='lat' dir='ltr'>ignis-sacer.</span> <span class='ocrx_word' id='word_1_84' title='bbox 970 1773 1051 1803; x_wconf 88' lang='lat' dir='ltr'>tum,</span> <span class='ocrx_word' id='word_1_85' title='bbox 1062 1768 1118 1798; x_wconf 75' lang='lat' dir='ltr'>sed</span> <span class='ocrx_word' id='word_1_86' title='bbox 1128 1768 1314 1799; x_wconf 79' lang='lat' dir='ltr'>etvictimis.</span> <span class='ocrx_word' id='word_1_87' title='bbox 1330 1768 1372 1799; x_wconf 77' lang='lat' dir='ltr'>cf·</span> <span class='ocrx_word' id='word_1_88' title='bbox 1383 1768 1554 1800; x_wconf 76' lang='lat' dir='ltr'>Callim.in</span> <span class='ocrx_word' id='word_1_89' title='bbox 1567 1769 1641 1801; x_wconf 87' lang='lat' dir='ltr'>Cer.</span> <span class='ocrx_word' id='word_1_90' title='bbox 1654 1769 1748 1809; x_wconf 82' lang='lat'>109.)</span> 
     </span>
    </p>

    <p class='ocr_par' dir='ltr' id='par_1_8' title="bbox 153 1810 1750 1904">
     <span class='ocr_line' id='line_1_16' title="bbox 195 1810 1749 1853; baseline 0 -9"><span class='ocrx_word' id='word_1_91' title='bbox 195 1819 228 1846; x_wconf 80' lang='grc'>3.</span> <span class='ocrx_word' id='word_1_92' title='bbox 253 1813 451 1853; x_wconf 85' lang='lat' dir='ltr'>Prytaneum</span> <span class='ocrx_word' id='word_1_93' title='bbox 469 1810 611 1850; x_wconf 73' lang='lat' dir='ltr'>apponat</span> <span class='ocrx_word' id='word_1_94' title='bbox 633 1812 785 1852; x_wconf 68' lang='grc' dir='ltr'>θάλαμον,</span> <span class='ocrx_word' id='word_1_95' title='bbox 799 1817 831 1842; x_wconf 87' lang='lat' dir='ltr'>et</span> <span class='ocrx_word' id='word_1_96' title='bbox 846 1824 922 1852; x_wconf 77' lang='grc' dir='ltr'><strong><em>συμ-</em></strong></span> <span class='ocrx_word' id='word_1_97' title='bbox 968 1810 1097 1851; x_wconf 77' lang='grc' dir='ltr'>ΡιὼΙίεὲ</span> <span class='ocrx_word' id='word_1_98' title='bbox 1117 1822 1175 1851; x_wconf 88' lang='lat' dir='ltr'>pro</span> <span class='ocrx_word' id='word_1_99' title='bbox 1201 1812 1424 1843; x_wconf 84' lang='lat' dir='ltr'><strong>incolumitate</strong></span> <span class='ocrx_word' id='word_1_100' title='bbox 1438 1812 1643 1852; x_wconf 84' lang='lat' dir='ltr'>reipublicae:</span> <span class='ocrx_word' id='word_1_101' title='bbox 1671 1814 1749 1844; x_wconf 87' lang='lat' dir='ltr'>hinc</span> 
     </span>
     <span class='ocr_line' id='line_1_17' title="bbox 153 1856 1750 1904; baseline -0.003 -11"><span class='ocrx_word' id='word_1_102' title='bbox 153 1857 526 1904; x_wconf 58' lang='lat' dir='ltr'>argunnamaeeaeollegas</span> <span class='ocrx_word' id='word_1_103' title='bbox 536 1857 572 1887; x_wconf 83' lang='lat' dir='ltr'>in</span> <span class='ocrx_word' id='word_1_104' title='bbox 581 1857 783 1895; x_wconf 80' lang='lat' dir='ltr'>magistratu,</span> <span class='ocrx_word' id='word_1_105' title='bbox 792 1857 929 1899; x_wconf 67' lang='grc' dir='ltr'>ἑταίρους.</span> <span class='ocrx_word' id='word_1_106' title='bbox 974 1857 1064 1899; x_wconf 68' lang='grc' dir='ltr'><strong><em>ὄρέὰν,</em></strong></span> <span class='ocrx_word' id='word_1_107' title='bbox 1078 1858 1284 1894; x_wconf 65' lang='lat' dir='ltr'>incolumem,</span> <span class='ocrx_word' id='word_1_108' title='bbox 1301 1857 1479 1898; x_wconf 72' lang='grc' dir='ltr'>φυλάσσουσι</span> <span class='ocrx_word' id='word_1_109' title='bbox 1498 1856 1621 1889; x_wconf 58' lang='lat' dir='ltr'>&#39;rb-30„</span> <span class='ocrx_word' id='word_1_110' title='bbox 1654 1858 1750 1893; x_wconf 66' lang='grc' dir='ltr'><em>τίλας</em></span> 
     </span>
    </p>

    <p class='ocr_par' dir='ltr' id='par_1_9' title="bbox 152 1899 1752 2121">
     <span class='ocr_line' id='line_1_18' title="bbox 198 1899 1749 1945; baseline -0.001 -10"><span class='ocrx_word' id='word_1_111' title='bbox 198 1909 231 1935; x_wconf 85' lang='grc'>4.</span> <span class='ocrx_word' id='word_1_112' title='bbox 256 1901 450 1934; x_wconf 84' lang='lat' dir='ltr'>Tenendum</span> <span class='ocrx_word' id='word_1_113' title='bbox 462 1899 553 1931; x_wconf 85' lang='lat' dir='ltr'>estin</span> <span class='ocrx_word' id='word_1_114' title='bbox 569 1900 730 1940; x_wconf 86' lang='lat' dir='ltr'><strong>Prytaneo</strong></span> <span class='ocrx_word' id='word_1_115' title='bbox 740 1911 808 1932; x_wconf 87' lang='lat' dir='ltr'>esse</span> <span class='ocrx_word' id='word_1_116' title='bbox 819 1901 928 1942; x_wconf 88' lang='lat' dir='ltr'>ignem</span> <span class='ocrx_word' id='word_1_117' title='bbox 976 1900 1090 1942; x_wconf 69' lang='grc' dir='ltr'>(κατὰ)</span> <span class='ocrx_word' id='word_1_118' title='bbox 1113 1903 1252 1939; x_wconf 56' lang='grc' dir='ltr'>σκάπτω,</span> <span class='ocrx_word' id='word_1_119' title='bbox 1276 1902 1435 1945; x_wconf 59' lang='grc' dir='ltr'>σκήπτρου,</span> <span class='ocrx_word' id='word_1_120' title='bbox 1460 1904 1503 1933; x_wconf 86' lang='lat' dir='ltr'>ad</span> <span class='ocrx_word' id='word_1_121' title='bbox 1517 1904 1644 1934; x_wconf 72' lang='lat' dir='ltr'>hastam</span> <span class='ocrx_word' id='word_1_122' title='bbox 1673 1905 1749 1938; x_wconf 83' lang='lat' dir='ltr'>deae,</span> 
     </span>
     <span class='ocr_line' id='line_1_19' title="bbox 152 1944 1750 1990; baseline -0.001 -10"><span class='ocrx_word' id='word_1_123' title='bbox 152 1958 328 1990; x_wconf 81' lang='lat' dir='ltr'>perennem</span> <span class='ocrx_word' id='word_1_124' title='bbox 354 1947 389 1976; x_wconf 89' lang='lat' dir='ltr'>in</span> <span class='ocrx_word' id='word_1_125' title='bbox 412 1944 476 1983; x_wconf 62' lang='lat' dir='ltr'>ara,</span> <span class='ocrx_word' id='word_1_126' title='bbox 505 1951 537 1975; x_wconf 84' lang='lat' dir='ltr'>et</span> <span class='ocrx_word' id='word_1_127' title='bbox 563 1945 687 1976; x_wconf 79' lang='lat' dir='ltr'>adstare</span> <span class='ocrx_word' id='word_1_128' title='bbox 703 1946 834 1986; x_wconf 87' lang='lat' dir='ltr'>signum</span> <span class='ocrx_word' id='word_1_129' title='bbox 849 1946 928 1983; x_wconf 84' lang='lat' dir='ltr'>deae,</span> <span class='ocrx_word' id='word_1_130' title='bbox 975 1952 1052 1977; x_wconf 78' lang='lat' dir='ltr'>ante</span> <span class='ocrx_word' id='word_1_131' title='bbox 1069 1949 1170 1984; x_wconf 84' lang='lat' dir='ltr'>deam,</span> <span class='ocrx_word' id='word_1_132' title='bbox 1187 1950 1230 1978; x_wconf 83' lang='lat' dir='ltr'>ad</span> <span class='ocrx_word' id='word_1_133' title='bbox 1242 1949 1373 1987; x_wconf 72' lang='lat' dir='ltr'>signum</span> <span class='ocrx_word' id='word_1_134' title='bbox 1386 1950 1495 1978; x_wconf 80' lang='lat' dir='ltr'>tuum.</span> <span class='ocrx_word' id='word_1_135' title='bbox 1541 1950 1649 1979; x_wconf 75' lang='lat' dir='ltr'>Sacris</span> <span class='ocrx_word' id='word_1_136' title='bbox 1665 1949 1750 1979; x_wconf 83' lang='lat' dir='ltr'>acci-</span> 
     </span>
     <span class='ocr_line' id='line_1_20' title="bbox 153 1989 1752 2032; baseline -0.003 -7"><span class='ocrx_word' id='word_1_137' title='bbox 153 1996 276 2026; x_wconf 75' lang='lat' dir='ltr'>hastam</span> <span class='ocrx_word' id='word_1_138' title='bbox 291 2001 392 2022; x_wconf 82' lang='lat' dir='ltr'>manu</span> <span class='ocrx_word' id='word_1_139' title='bbox 405 1989 563 2027; x_wconf 84' lang='lat' dir='ltr'>tenentis3</span> <span class='ocrx_word' id='word_1_140' title='bbox 587 1989 626 2020; x_wconf 88' lang='lat' dir='ltr'>ad</span> <span class='ocrx_word' id='word_1_141' title='bbox 641 1991 723 2021; x_wconf 81' lang='lat' dir='ltr'>hanc</span> <span class='ocrx_word' id='word_1_142' title='bbox 740 2001 826 2021; x_wconf 86' lang='lat' dir='ltr'>aram</span> <span class='ocrx_word' id='word_1_143' title='bbox 844 2001 931 2021; x_wconf 79' lang='lat' dir='ltr'>sacra</span> <span class='ocrx_word' id='word_1_144' title='bbox 975 1993 1026 2022; x_wconf 69' lang='lat' dir='ltr'>‘nit</span> <span class='ocrx_word' id='word_1_145' title='bbox 1042 1993 1126 2032; x_wconf 75' lang='lat' dir='ltr'>lyra,</span> <span class='ocrx_word' id='word_1_146' title='bbox 1145 1996 1176 2022; x_wconf 93' lang='grc'>8.</span> <span class='ocrx_word' id='word_1_147' title='bbox 1200 1998 1232 2022; x_wconf 87' lang='lat' dir='ltr'>et</span> <span class='ocrx_word' id='word_1_148' title='bbox 1248 1991 1352 2031; x_wconf 77' lang='lat' dir='ltr'>epulis</span> <span class='ocrx_word' id='word_1_149' title='bbox 1365 1991 1416 2021; x_wconf 84' lang='lat' dir='ltr'>his</span> <span class='ocrx_word' id='word_1_150' title='bbox 1430 1991 1624 2023; x_wconf 86' lang='lat' dir='ltr'>adhibentur</span> <span class='ocrx_word' id='word_1_151' title='bbox 1638 2002 1752 2023; x_wconf 88' lang='lat' dir='ltr'>omnes</span> 
     </span>
     <span class='ocr_line' id='line_1_21' title="bbox 154 2033 1752 2078; baseline -0.001 -8"><span class='ocrx_word' id='word_1_152' title='bbox 154 2050 173 2070; x_wconf 83' lang='lat' dir='ltr'>a</span> <span class='ocrx_word' id='word_1_153' title='bbox 191 2037 386 2078; x_wconf 81' lang='lat' dir='ltr'>Prytanibus</span> <span class='ocrx_word' id='word_1_154' title='bbox 406 2034 474 2066; x_wconf 88' lang='lat' dir='ltr'>fieri</span> <span class='ocrx_word' id='word_1_155' title='bbox 498 2033 642 2075; x_wconf 76' lang='lat' dir='ltr'>quotidie</span> <span class='ocrx_word' id='word_1_156' title='bbox 663 2037 825 2072; x_wconf 81' lang='lat' dir='ltr'><em>libatione,</em></span> <span class='ocrx_word' id='word_1_157' title='bbox 841 2034 931 2065; x_wconf 81' lang='lat' dir='ltr'>festis</span> <span class='ocrx_word' id='word_1_158' title='bbox 978 2035 1146 2075; x_wconf 78' lang='lat' dir='ltr'>Prytanes‚</span> <span class='ocrx_word' id='word_1_159' title='bbox 1174 2042 1244 2066; x_wconf 84' lang='lat' dir='ltr'>tum</span> <span class='ocrx_word' id='word_1_160' title='bbox 1268 2042 1301 2066; x_wconf 85' lang='lat' dir='ltr'>et</span> <span class='ocrx_word' id='word_1_161' title='bbox 1314 2035 1455 2075; x_wconf 81' lang='lat' dir='ltr'>hospites</span> <span class='ocrx_word' id='word_1_162' title='bbox 1469 2036 1599 2075; x_wconf 87' lang='lat' dir='ltr'>publico</span> <span class='ocrx_word' id='word_1_163' title='bbox 1617 2036 1652 2068; x_wconf 87' lang='lat' dir='ltr'>in</span> <span class='ocrx_word' id='word_1_164' title='bbox 1670 2036 1752 2077; x_wconf 81' lang='lat' dir='ltr'>Pry-</span> 
     </span>
     <span class='ocr_line' id='line_1_22' title="bbox 155 2079 1490 2121; baseline -0.003 -6"><span class='ocrx_word' id='word_1_165' title='bbox 155 2083 268 2115; x_wconf 85' lang='lat' dir='ltr'>diebus</span> <span class='ocrx_word' id='word_1_166' title='bbox 293 2081 390 2113; x_wconf 83' lang='lat' dir='ltr'>etiam</span> <span class='ocrx_word' id='word_1_167' title='bbox 415 2081 553 2112; x_wconf 77' lang='lat' dir='ltr'>victimis</span> <span class='ocrx_word' id='word_1_168' title='bbox 560 2095 572 2117; x_wconf 91' lang='lat'><em>;</em></span> <span class='ocrx_word' id='word_1_169' title='bbox 600 2079 725 2121; x_wconf 86' lang='lat' dir='ltr'>(Vestae</span> <span class='ocrx_word' id='word_1_170' title='bbox 749 2079 850 2121; x_wconf 88' lang='lat' dir='ltr'>igitur</span> <span class='ocrx_word' id='word_1_171' title='bbox 866 2089 930 2110; x_wconf 90' lang='lat' dir='ltr'>non</span> <span class='ocrx_word' id='word_1_172' title='bbox 977 2085 1070 2110; x_wconf 81' lang='lat' dir='ltr'>taneo</span> <span class='ocrx_word' id='word_1_173' title='bbox 1087 2080 1292 2120; x_wconf 84' lang='lat' dir='ltr'>excipiuntur</span> <span class='ocrx_word' id='word_1_174' title='bbox 1307 2080 1359 2111; x_wconf 83' lang='lat' dir='ltr'>his</span> <span class='ocrx_word' id='word_1_175' title='bbox 1373 2079 1490 2120; x_wconf 84' lang='lat' dir='ltr'>epulis.</span> 
     </span>
    </p>
   </div>
   <div class='ocr_carea' id='block_1_8' title="bbox 157 2205 1806 2613">
    <p class='ocr_par' dir='ltr' id='par_1_10' title="bbox 579 2205 1316 2238">
     <span class='ocr_line' id='line_1_23' title="bbox 579 2205 1316 2238; baseline 0.001 -2"><span class='ocrx_word' id='word_1_176' title='bbox 579 2205 932 2238; x_wconf 75' lang='lat' dir='ltr'><strong>PARAPHRASIS</strong></span> <span class='ocrx_word' id='word_1_177' title='bbox 958 2205 1316 2238; x_wconf 75' lang='lat' dir='ltr'>BENEDICTINA.</span> 
     </span>
    </p>

    <p class='ocr_par' dir='ltr' id='par_1_11' title="bbox 157 2259 1806 2613">
     <span class='ocr_line' id='line_1_24' title="bbox 762 2259 1151 2297; baseline 0 -1"><span class='ocrx_word' id='word_1_178' title='bbox 762 2259 965 2297; x_wconf 73' lang='lat' dir='ltr'>STROPHE</span> <span class='ocrx_word' id='word_1_179' title='bbox 984 2259 1016 2296; x_wconf 95' lang='lat' dir='ltr'>I.</span> <span class='ocrx_word' id='word_1_180' title='bbox 1039 2261 1151 2297; x_wconf 89' lang='lat'>1-6.</span> 
     </span>
     <span class='ocr_line' id='line_1_25' title="bbox 212 2315 1806 2370; baseline -0.003 -12"><span class='ocrx_word' id='word_1_181' title='bbox 212 2320 248 2358; x_wconf 89' lang='grc' dir='ltr'><strong>Ο</strong></span> <span class='ocrx_word' id='word_1_182' title='bbox 267 2320 466 2359; x_wconf 77' lang='lat' dir='ltr'>SATURNI</span> <span class='ocrx_word' id='word_1_183' title='bbox 487 2327 527 2358; x_wconf 91' lang='lat' dir='ltr'>et</span> <span class='ocrx_word' id='word_1_184' title='bbox 546 2320 667 2358; x_wconf 86' lang='lat' dir='ltr'>Rheae</span> <span class='ocrx_word' id='word_1_185' title='bbox 687 2318 777 2365; x_wconf 85' lang='lat' dir='ltr'>filia,</span> <span class='ocrx_word' id='word_1_186' title='bbox 798 2319 959 2370; x_wconf 87' lang='lat' dir='ltr'>proinde</span> <span class='ocrx_word' id='word_1_187' title='bbox 979 2318 1087 2357; x_wconf 87' lang='lat' dir='ltr'>Jovis</span> <span class='ocrx_word' id='word_1_188' title='bbox 1115 2317 1283 2369; x_wconf 89' lang='lat' dir='ltr'>supremi</span> <span class='ocrx_word' id='word_1_189' title='bbox 1317 2315 1392 2363; x_wconf 89' lang='lat' dir='ltr'>dei,</span> <span class='ocrx_word' id='word_1_190' title='bbox 1425 2316 1611 2369; x_wconf 86' lang='lat' dir='ltr'>regnique</span> <span class='ocrx_word' id='word_1_191' title='bbox 1639 2316 1754 2356; x_wconf 87' lang='lat' dir='ltr'>sociae</span> <span class='ocrx_word' id='word_1_192' title='bbox 1803 2351 1806 2354; x_wconf 76' lang='grc'>,</span> 
     </span>
     <span class='ocr_line' id='line_1_26' title="bbox 158 2378 1752 2431; baseline -0.003 -10"><span class='ocrx_word' id='word_1_193' title='bbox 158 2382 184 2421; x_wconf 89' lang='lat' dir='ltr'><strong>J</strong></span> <span class='ocrx_word' id='word_1_194' title='bbox 188 2380 334 2427; x_wconf 88' lang='lat' dir='ltr'>unonis,</span> <span class='ocrx_word' id='word_1_195' title='bbox 360 2394 478 2427; x_wconf 88' lang='lat' dir='ltr'>soror,</span> <span class='ocrx_word' id='word_1_196' title='bbox 500 2382 633 2427; x_wconf 87' lang='lat' dir='ltr'>Vesta,</span> <span class='ocrx_word' id='word_1_197' title='bbox 656 2394 741 2431; x_wconf 90' lang='lat' dir='ltr'>quae</span> <span class='ocrx_word' id='word_1_198' title='bbox 761 2381 884 2418; x_wconf 85' lang='lat' dir='ltr'>curias</span> <span class='ocrx_word' id='word_1_199' title='bbox 902 2380 1076 2431; x_wconf 84' lang='lat' dir='ltr'>publicas</span> <span class='ocrx_word' id='word_1_200' title='bbox 1092 2380 1226 2418; x_wconf 87' lang='lat' dir='ltr'>sortita</span> <span class='ocrx_word' id='word_1_201' title='bbox 1245 2393 1297 2426; x_wconf 86' lang='lat' dir='ltr'>es,</span> <span class='ocrx_word' id='word_1_202' title='bbox 1314 2378 1351 2415; x_wconf 87' lang='lat' dir='ltr'>in</span> <span class='ocrx_word' id='word_1_203' title='bbox 1371 2378 1508 2430; x_wconf 86' lang='lat' dir='ltr'>quibus</span> <span class='ocrx_word' id='word_1_204' title='bbox 1521 2391 1630 2417; x_wconf 87' lang='lat' dir='ltr'>sacer</span> <span class='ocrx_word' id='word_1_205' title='bbox 1641 2378 1752 2429; x_wconf 88' lang='lat' dir='ltr'>ignis,</span> 
     </span>
     <span class='ocr_line' id='line_1_27' title="bbox 157 2438 1755 2492; baseline -0.001 -12"><span class='ocrx_word' id='word_1_206' title='bbox 157 2441 228 2480; x_wconf 85' lang='lat' dir='ltr'>tibi</span> <span class='ocrx_word' id='word_1_207' title='bbox 264 2449 524 2487; x_wconf 83' lang='lat' dir='ltr'>consecratus,</span> <span class='ocrx_word' id='word_1_208' title='bbox 545 2449 770 2487; x_wconf 88' lang='lat' dir='ltr'>asservatur,</span> <span class='ocrx_word' id='word_1_209' title='bbox 792 2449 831 2479; x_wconf 91' lang='lat' dir='ltr'>et</span> <span class='ocrx_word' id='word_1_210' title='bbox 849 2449 985 2480; x_wconf 85' lang='lat' dir='ltr'>statuae</span> <span class='ocrx_word' id='word_1_211' title='bbox 1005 2440 1215 2492; x_wconf 88' lang='lat' dir='ltr'>eriguntur,</span> <span class='ocrx_word' id='word_1_212' title='bbox 1236 2452 1365 2491; x_wconf 86' lang='lat' dir='ltr'>quaeso</span> <span class='ocrx_word' id='word_1_213' title='bbox 1385 2446 1424 2477; x_wconf 85' lang='lat' dir='ltr'>te</span> <span class='ocrx_word' id='word_1_214' title='bbox 1443 2439 1610 2490; x_wconf 88' lang='lat' dir='ltr'>benigno</span> <span class='ocrx_word' id='word_1_215' title='bbox 1627 2438 1755 2478; x_wconf 83' lang='lat' dir='ltr'>animo</span> 
     </span>
     <span class='ocr_line' id='line_1_28' title="bbox 158 2499 1756 2552; baseline -0.003 -12"><span class='ocrx_word' id='word_1_216' title='bbox 158 2502 198 2540; x_wconf 89' lang='lat' dir='ltr'>in</span> <span class='ocrx_word' id='word_1_217' title='bbox 225 2501 459 2552; x_wconf 90' lang='lat' dir='ltr'>Prytaneum</span> <span class='ocrx_word' id='word_1_218' title='bbox 497 2501 725 2547; x_wconf 86' lang='lat' dir='ltr'>Tenedium,</span> <span class='ocrx_word' id='word_1_219' title='bbox 766 2501 829 2551; x_wconf 86' lang='lat' dir='ltr'>qui</span> <span class='ocrx_word' id='word_1_220' title='bbox 866 2509 954 2539; x_wconf 90' lang='lat' dir='ltr'>tuus</span> <span class='ocrx_word' id='word_1_221' title='bbox 990 2508 1048 2540; x_wconf 88' lang='lat' dir='ltr'>est</span> <span class='ocrx_word' id='word_1_222' title='bbox 1075 2501 1274 2547; x_wconf 85' lang='lat' dir='ltr'>thalamus,</span> <span class='ocrx_word' id='word_1_223' title='bbox 1302 2512 1423 2551; x_wconf 87' lang='lat' dir='ltr'>prope</span> <span class='ocrx_word' id='word_1_224' title='bbox 1463 2507 1572 2538; x_wconf 87' lang='lat' dir='ltr'>tuum</span> <span class='ocrx_word' id='word_1_225' title='bbox 1607 2499 1756 2550; x_wconf 79' lang='lat' dir='ltr'>insigne</span> 
     </span>
     <span class='ocr_line' id='line_1_29' title="bbox 159 2559 1756 2613; baseline -0.001 -13"><span class='ocrx_word' id='word_1_226' title='bbox 159 2568 366 2612; x_wconf 88' lang='lat' dir='ltr'>sceptrum,</span> <span class='ocrx_word' id='word_1_227' title='bbox 402 2561 540 2612; x_wconf 83' lang='lat' dir='ltr'>excipe</span> <span class='ocrx_word' id='word_1_228' title='bbox 567 2569 649 2599; x_wconf 92' lang='lat' dir='ltr'>tum</span> <span class='ocrx_word' id='word_1_229' title='bbox 679 2561 956 2612; x_wconf 84' lang='lat' dir='ltr'>Aristagoram‚</span> <span class='ocrx_word' id='word_1_230' title='bbox 995 2570 1077 2600; x_wconf 86' lang='lat' dir='ltr'>tum</span> <span class='ocrx_word' id='word_1_231' title='bbox 1107 2563 1191 2613; x_wconf 78' lang='lat' dir='ltr'>ejus</span> <span class='ocrx_word' id='word_1_232' title='bbox 1221 2561 1401 2611; x_wconf 81' lang='lat' dir='ltr'>collegas,</span> <span class='ocrx_word' id='word_1_233' title='bbox 1434 2560 1512 2611; x_wconf 91' lang='lat' dir='ltr'>qui,</span> <span class='ocrx_word' id='word_1_234' title='bbox 1541 2567 1580 2598; x_wconf 92' lang='lat' dir='ltr'>te</span> <span class='ocrx_word' id='word_1_235' title='bbox 1609 2559 1756 2598; x_wconf 88' lang='lat' dir='ltr'>honore</span> 
     </span>
    </p>
   </div>
   <div class='ocr_carea' id='block_1_9' title="bbox 159 2620 1755 2731">
    <p class='ocr_par' dir='ltr' id='par_1_12' title="bbox 159 2620 1755 2731">
     <span class='ocr_line' id='line_1_30' title="bbox 159 2620 1755 2675; baseline 0.001 -16"><span class='ocrx_word' id='word_1_236' title='bbox 159 2629 447 2674; x_wconf 87' lang='lat' dir='ltr'>prosequentes,</span> <span class='ocrx_word' id='word_1_237' title='bbox 469 2635 622 2673; x_wconf 87' lang='lat' dir='ltr'>operam</span> <span class='ocrx_word' id='word_1_238' title='bbox 643 2622 734 2660; x_wconf 85' lang='lat' dir='ltr'>dant</span> <span class='ocrx_word' id='word_1_239' title='bbox 754 2630 796 2660; x_wconf 93' lang='lat' dir='ltr'>ut</span> <span class='ocrx_word' id='word_1_240' title='bbox 817 2623 1018 2673; x_wconf 81' lang='lat' dir='ltr'>justitiam,</span> <span class='ocrx_word' id='word_1_241' title='bbox 1038 2636 1107 2675; x_wconf 89' lang='lat' dir='ltr'>per</span> <span class='ocrx_word' id='word_1_242' title='bbox 1129 2635 1244 2674; x_wconf 88' lang='lat' dir='ltr'>quam</span> <span class='ocrx_word' id='word_1_243' title='bbox 1261 2629 1378 2660; x_wconf 89' lang='lat' dir='ltr'>rectae</span> <span class='ocrx_word' id='word_1_244' title='bbox 1396 2628 1497 2660; x_wconf 85' lang='lat' dir='ltr'>stant</span> <span class='ocrx_word' id='word_1_245' title='bbox 1515 2620 1755 2672; x_wconf 77' lang='lat' dir='ltr'>respublicae,</span> 
     </span>
     <span class='ocr_line' id='line_1_31' title="bbox 160 2684 687 2731; baseline -0.002 -8"><span class='ocrx_word' id='word_1_246' title='bbox 160 2685 284 2723; x_wconf 90' lang='lat' dir='ltr'>insula</span> <span class='ocrx_word' id='word_1_247' title='bbox 303 2684 481 2723; x_wconf 89' lang='lat' dir='ltr'>Tenedos</span> <span class='ocrx_word' id='word_1_248' title='bbox 499 2686 687 2731; x_wconf 88' lang='lat' dir='ltr'>observet,</span> 
     </span>
    </p>
   </div>
   <div class='ocr_carea' id='block_1_10' title="bbox 160 2746 1758 2916">
    <p class='ocr_par' dir='ltr' id='par_1_13' title="bbox 160 2746 1758 2916">
     <span class='ocr_line' id='line_1_32' title="bbox 690 2746 1223 2786; baseline -0.002 -3"><span class='ocrx_word' id='word_1_249' title='bbox 690 2746 1008 2783; x_wconf 80' lang='lat' dir='ltr'>ANT1STROPHE</span> <span class='ocrx_word' id='word_1_250' title='bbox 1029 2746 1060 2783; x_wconf 92' lang='lat'>1.</span> <span class='ocrx_word' id='word_1_251' title='bbox 1079 2747 1223 2786; x_wconf 80' lang='lat'>7—12.</span> 
     </span>
     <span class='ocr_line' id='line_1_33' title="bbox 162 2803 1758 2858; baseline -0.002 -14"><span class='ocrx_word' id='word_1_252' title='bbox 162 2819 209 2845; x_wconf 89' lang='lat' dir='ltr'>ac</span> <span class='ocrx_word' id='word_1_253' title='bbox 241 2806 502 2858; x_wconf 73' lang='lat' dir='ltr'>saepenumerb</span> <span class='ocrx_word' id='word_1_254' title='bbox 543 2815 595 2852; x_wconf 89' lang='lat' dir='ltr'>te,</span> <span class='ocrx_word' id='word_1_255' title='bbox 634 2807 791 2845; x_wconf 86' lang='lat' dir='ltr'>dearum</span> <span class='ocrx_word' id='word_1_256' title='bbox 818 2806 992 2857; x_wconf 85' lang='lat' dir='ltr'>primam,</span> <span class='ocrx_word' id='word_1_257' title='bbox 1021 2805 1135 2844; x_wconf 74' lang='lat' dir='ltr'>modo</span> <span class='ocrx_word' id='word_1_258' title='bbox 1174 2804 1429 2851; x_wconf 78' lang='lat' dir='ltr'>libationibus,</span> <span class='ocrx_word' id='word_1_259' title='bbox 1465 2803 1580 2842; x_wconf 67' lang='lat' dir='ltr'>mode</span> <span class='ocrx_word' id='word_1_260' title='bbox 1625 2803 1758 2842; x_wconf 89' lang='lat' dir='ltr'>nidore</span> 
     </span>
     <span class='ocr_line' id='line_1_34' title="bbox 160 2864 1758 2916; baseline -0.001 -12"><span class='ocrx_word' id='word_1_261' title='bbox 160 2866 448 2916; x_wconf 87' lang='lat' dir='ltr'>sacrificiorum,</span> <span class='ocrx_word' id='word_1_262' title='bbox 477 2875 717 2906; x_wconf 87' lang='lat' dir='ltr'>venerantur.</span> <span class='ocrx_word' id='word_1_263' title='bbox 774 2869 880 2910; x_wconf 87' lang='lat' dir='ltr'>Quos</span> <span class='ocrx_word' id='word_1_264' title='bbox 908 2866 1022 2905; x_wconf 85' lang='lat' dir='ltr'>etiam</span> <span class='ocrx_word' id='word_1_265' title='bbox 1052 2866 1219 2905; x_wconf 85' lang='lat' dir='ltr'>delectat</span> <span class='ocrx_word' id='word_1_266' title='bbox 1247 2865 1412 2913; x_wconf 87' lang='lat' dir='ltr'>Musica,</span> <span class='ocrx_word' id='word_1_267' title='bbox 1441 2864 1532 2916; x_wconf 85' lang='lat' dir='ltr'>ipsis</span> <span class='ocrx_word' id='word_1_268' title='bbox 1563 2872 1645 2904; x_wconf 89' lang='lat' dir='ltr'>tum</span> <span class='ocrx_word' id='word_1_269' title='bbox 1662 2876 1758 2903; x_wconf 89' lang='lat' dir='ltr'>voce</span> 
     </span>
    </p>
   </div>
  </div>
 </body>
</html>
