1826 3178
156 205 252 253 328
614 201 704 245 DE
735 201 923 247 LUDIS
954 200 1277 246 NEMEAEIS.

226 295 396 345 Postea
412 306 569 345 autem
595 298 818 347 Hercules
840 298 926 346 hos
944 297 1078 346 ludos
1097 297 1355 357 illustravit,
1370 305 1432 357 et,
1451 299 1604 347 occiso
1619 300 1754 348 leone

162 372 404 431 NemeaeO,
440 372 544 420 Jovi
581 373 804 422 Nemeaeo
829 373 1067 421 dedicavit.
1137 375 1214 431 Et,
1252 374 1290 421 si
1321 374 1603 422 credendum
1635 377 1756 423 Pau-

163 447 319 505 saniae,
343 448 420 494 lib.
449 448 511 495 ΙΙ.
547 465 672 495 sacra
703 444 807 496 Jovi
839 449 1063 496 Nemeaeo
1086 448 1250 512 Argivi
1278 449 1327 496 in
1364 449 1546 497 Nemea
1568 449 1758 508 faciunt,

162 521 296 586 eique
311 531 490 570 certum
505 524 789 571 sacerdotem
804 523 1032 586 deligunt:
1059 532 1104 570 et
1119 524 1304 571 armatis
1315 524 1420 571 viris
1437 526 1597 572 cursfis
1614 533 1761 572 certa-

164 597 294 645 mina
315 606 580 661 proponunt
599 598 647 645 in
669 598 769 662 ipso
794 597 1082 646 Nemeorum
1107 608 1352 656 conventu,
1376 599 1454 663 qui
1479 617 1558 663 per
1581 601 1760 646 brumae

166 671 263 719 dies
282 672 550 720 celebratur.
566 706 577 715 .
599 673 835 730 AElianus,
857 672 936 720 lib.
951 673 1035 720 IV.
1061 689 1102 719 c.
1119 674 1167 719 5.
1203 673 1398 721 “Variae
1414 674 1673 731 Historiae,''
1699 675 1761 720 ob

169 747 445 797 Pronactem
467 747 680 795 instituta
710 765 738 795 a
773 756 951 811 septem
974 747 1210 794 Thebanis
1242 747 1435 795 ducibus
1458 757 1667 806 testatur,
1689 747 1763 794 his

166 830 343 878 verbis:
389 829 431 876 5‘
460 822 553 874 Καὶ
599 824 638 874 οἱ
680 822 796 873 ἔοι-τοὶ
845 821 914 873 ἐπὶ
964 822 1144 880 Θῆἕαις
1179 822 1435 893 Πξῶνακτι,
1481 823 1563 874 καὶ
1617 822 1765 874 ἐκεῖνοι

167 906 370 978 χᾶξιτοις
397 902 639 957 ἀπέδοσαν.
720 904 823 956 Am).
863 904 957 974 *γοὶξ
996 900 1160 962 αὐτοὺς
1196 902 1505 974 ἀπολουμένου
1533 905 1612 955 τοῦ
1636 903 1764 975 Herai-

169 1008 346 1046 νακτος,
388 984 457 1037 τον
497 987 653 1050 ἀγῶνα,
690 982 843 1037 ’ἔθεσαν
883 984 950 1035 ἐπ’
978 982 1132 1046 ἀὖ-τον,
1161 981 1206 1037 ὃν
1232 986 1272 1036 οἱ
1297 986 1463 1036 πολλοὶ
1492 984 1658 1036 οἴονται
1695 982 1764 1036 ἐπ’

168 1069 442 1142 Ἀρχεμόρῳ
467 1073 639 1128 τεθῆναι
667 1069 715 1131 ἐξ
742 1066 949 1141 &emis-’⁹
1029 1074 1259 1123 Celebrari
1283 1075 1491 1123 solebant
1511 1076 1562 1122 in
1585 1076 1768 1123 Nemea

169 1161 373 1224 regione,
410 1160 546 1207 tertio
584 1176 766 1224 quoque
798 1175 920 1205 anno
967 1157 1110 1220 (unde
1148 1156 1400 1222 appellatus
1438 1147 1560 1215 ἀγὼν
1598 1147 1773 1221 reterri:

169 1241 241 1289 vel
277 1232 587 1307 τξιετηξικός),
626 1258 787 1289 mense
825 1240 903 1304 qui
927 1233 1141 1302 Πάνεμος
1175 1257 1203 1287 a
1233 1238 1484 1288 Corinthiis
1527 1248 1574 1286 et
1607 1239 1770 1285 Mace-

171 1323 386 1382 donibus,
423 1313 698 1388 Βοηδξομιῶν
733 1324 790 1370 ab
813 1321 997 1380 Atticis,
1022 1322 1273 1370 dicebatur.
1344 1320 1578 1376 Quoniam
1612 1328 1769 1368 autem

175 1413 203 1445 a
226 1398 448 1446 militibus
470 1399 654 1445 Thebas
692 1397 906 1442 euntibus
934 1396 1200 1442 institutum
1225 1405 1294 1442 est
1314 1395 1405 1442 hoc
1435 1395 1770 1459 spectaculum,

175 1475 263 1523 soli
300 1475 483 1532 milites,
518 1483 598 1520 aut
633 1472 833 1520 militum
865 1472 946 1519 filii
977 1473 1182 1537 primum
1207 1473 1474 1520 certabant:
1511 1472 1590 1519 sed
1614 1472 1773 1536 postea

177 1549 318 1597 etiam
359 1548 553 1612 populus
591 1546 679 1594 fuit
723 1547 966 1595 admissus.
1061 1548 1147 1595 His
1189 1547 1307 1594 ludis
1347 1555 1573 1611 praeerant
1613 1546 1772 1610 Argivi

172 1622 369 1688 judices,
399 1621 537 1685 primi
573 1622 882 1680 Decelaeonei,
923 1622 1030 1670 inde
1068 1622 1313 1680 Corinthii,
1351 1631 1398 1670 et
1422 1621 1661 1678 Cleonaei3
1695 1619 1776 1685 qui

178 1699 322 1763 nigris
362 1706 410 1745 et
441 1698 708 1762 lugubribus
732 1698 880 1745 induti
915 1699 1113 1745 vestibus
1142 1699 1423 1760 judicabant,
1451 1706 1504 1744 ut
1527 1697 1776 1744 Sacrorum

180 1774 409 1838 originem
432 1790 459 1819 a
480 1773 608 1821 luctu
630 1773 926 1837 promanasse
950 1772 1248 1819 declararent.
1327 1771 1595 1819 Victoribus
1634 1771 1777 1818 daba-

179 1857 258 1896 tur
291 1847 496 1912 primum
532 1863 703 1894 corona
739 1862 795 1893 ex
831 1846 961 1902 olea3
1009 1847 1134 1910 quod
1163 1846 1222 1893 ad
1253 1845 1371 1893 bella
1407 1862 1551 1910 usque
1587 1845 1776 1892 Medica

179 1923 354 1970 factum
374 1922 542 1969 ferunt.
614 1921 738 1969 Nam
759 1922 819 1969 ob
837 1921 1016 1969 cladem
1039 1938 1065 1967 a
1089 1920 1243 1967 Medis
1265 1929 1464 1984 captam,
1478 1920 1526 1966 in
1547 1920 1776 1966 honorem
1808 1970 1817 1980 ⁸

182 2014 407 2044 caesorum
448 1996 568 2060 apio,
605 1995 783 2043 funebri
828 1995 999 2059 planta,
1039 1995 1248 2042 coronari
1289 2004 1492 2059 coeptum
1530 2004 1613 2040 est.
1682 1994 1777 2041 Alii
1822 2003 1826 2023 ⁸

180 2074 290 2120 vero
313 2072 475 2119 dicunt
505 2071 698 2118 victores
733 2070 836 2134 apio
862 2070 1070 2117 coronari
1094 2070 1251 2117 solitos
1292 2070 1350 2116 ad
1385 2080 1652 2133 perpetuam
1687 2071 1776 2117 Ar·
1800 2120 1805 2132 .

184 2145 391 2194 chemori
416 2144 707 2192 memoriam.
778 2145 839 2190 Et
861 2144 969 2190 huic
991 2144 1295 2191 certaminum
1318 2144 1476 2207 generi
1499 2144 1655 2208 apium
1672 2145 1777 2207 jure
1792 2153 1806 2187 f

184 2221 427 2268 convenire
451 2221 714 2277 censebant,
739 2219 848 2266 cum
874 2236 930 2266 ex
953 2219 1091 2266 occisi
1111 2237 1137 2267 a
1156 2229 1366 2282 serpente
1387 2219 1514 2283 pueri
1539 2219 1778 2283 sanguine,
1798 2229 1803 2261 ῖ

182 2296 376 2343 herbam
415 2295 543 2342 illam
581 2303 855 2358 prognatam
891 2295 1143 2341 crederent.
1215 2293 1388 2341 Plinius
1421 2293 1485 2341 ait
1523 2294 1569 2340 in
1602 2279 1801 2341 Achaia¹

185 2371 300 2418 sacri
324 2369 603 2417 Certaminis
626 2369 818 2415 victores
842 2369 945 2432 apio
970 2368 1179 2416 coronari
1202 2367 1375 2415 solitos.
1460 2368 1523 2415 Et
1544 2367 1799 2415 Lucianus÷

182 2451 231 2498 in
257 2452 537 2515 Gymnasiis,
565 2451 600 2475 “
623 2443 923 2512 Ὀλυμπιάσι
955 2442 1037 2513 μὲν
1078 2440 1293 2509 στέφανος
1316 2442 1365 2493 ἐκ
1390 2441 1580 2502 κοτίνου,
1605 2437 1794 2511 Ἰο-θμοῗ

179 2525 217 2578 δ’
243 2526 292 2577 ἐκ
343 2526 517 2588 πίτυος,
566 2526 605 2577 ἒν
648 2519 814 2594 Νὲμέᾳ
867 2524 911 2577 δὲ
965 2525 1139 2577 σελίνων
1184 2522 1507 2593 πεπλέγμενος,
1541 2525 1689 2575 Πυθοῖ
1733 2522 1793 2576 Xe.

182 2614 321 2681 μ’ἦλα
365 2613 443 2661 τῶν
482 2612 595 2681 ἶεξῶν
632 2611 710 2661 τοῦ
749 2609 922 2674 &eff-’f
995 2618 1100 2665 Hoc
1147 2618 1393 2664 Certamen
1438 2614 1655 2679 primitus
1691 2614 1796 2663 fuit'.

185 2701 408 2757 equestre,
447 2701 494 2738 et
531 2691 799 2755 gymnicum
832 2682 1037 2750 funebre,
1078 2691 1170 2740 sive
1209 2690 1501 2759 Archemori,
1537 2689 1630 2736 sive
1664 2691 1786 2737 Pro-

186 2767 332 2815 nactis
377 2766 427 2812 in
471 2766 664 2829 gratiam
713 2775 783 2813 est
826 2765 1107 2825 institutum.
1189 2766 1405 2813 Admissa
1460 2773 1566 2812 sunt
1620 2774 1776 2818 tamen

186 2842 398 2889 omnium
433 2840 751 2905 ,certaminum
789 2857 985 2904 genera3
1022 2841 1309 2905 pentathlon,
1336 2839 1565 2896 stadium,
1607 2839 1772 2896 discus,

187 2916 341 2970 saltus,
369 2915 506 2974 lucta,
530 2915 776 2979 pugilatus.
950 2970 955 2974 Δ
1428 2915 1712 2963 BEuEmc‘r.
1771 2935 1774 2938 ⁴
