1826 3178
704 179 708 181 ᾖ
772 144 915 207 (453)

421 361 523 411 DE
571 359 811 409 LUDIS
863 359 1252 410 ISTHMIIS.

739 485 935 504 ἡ

105 581 238 628 Lum
263 580 467 626 Isrnmr
501 594 676 625 nomen
709 586 985 643 acceperunt
1019 579 1077 625 ab
1110 578 1290 626 Isthmo
1316 579 1631 642 Corinthiaco,

40 655 119 703 ubi
142 653 360 702 celebrari
394 653 619 700 solebant.
690 653 908 701 Isthmum
935 653 1088 701 dixere
1113 654 1376 718 Geogra'phi
1400 659 1632 718 angustias

37 749 171 784 terrae
214 736 461 782 dirimentis
495 734 581 782 duo
623 737 787 781 maria.
857 734 996 782 Unde
1018 735 1199 783 Galeno
1225 728 1377 780 στεναὶ
1405 732 1491 794 γῆς
1517 729 1629 794 διέξ-

37 809 146 871 οδοι,
196 806 380 880 μεταξὺ
429 808 543 861 δυοῖν
594 810 867 870 Samara-5³,
918 814 1150 862 definitur.
1220 815 1409 863 Nomen
1431 817 1572 865 habet
1603 835 1633 867 a

38 896 338 944 similitudine
376 892 456 942 τοῦ
500 892 678 960 ἰσθμοῦ,
705 914 809 961 quae
845 905 915 944 est
956 914 1060 987 pars
1084 886 1268 959 μεταξυ
1294 892 1374 942 τοῦ
1399 890 1631 962 στὸματος

39 970 122 1022 καὶ
148 972 228 1022 «τοῦ
252 974 518 1041 στομάχου,
545 986 599 1024 ut
622 977 824 1024 Galenus
857 977 922 1024 ait
954 976 1004 1040 in
1036 978 1394 1041 XXV1.Aphor.
1419 979 1485 1027 sic
1507 981 1632 1029 dicta

35 1049 107 1103 ὅτι
135 1050 188 1103 δι’
217 1051 359 1103 αὐτοῦ
386 1048 504 1104 ἵεται
533 1052 596 1103 τὰ
621 1050 767 1102 σιτία.
845 1055 917 1102 Ita
939 1065 993 1103 ut
1014 1057 1412 1141 quemadmodum
1440 1051 1528 1107 cibi
1548 1078 1632 1124 per

36 1133 237 1181 faucium
263 1134 498 1203 angustias
517 1133 565 1179 in
578 1131 886 1179 ventriculum
909 1130 1194 1188 deferuntur,
1212 1131 1277 1178 sic
1294 1148 1376 1195 per
1397 1134 1630 1184 Isthmum

36 1211 195 1269 maris,
209 1211 338 1275 quasi
355 1228 437 1275 per
451 1211 640 1268 collum,
656 1226 713 1257 ex
726 1209 981 1256 continenti
998 1208 1058 1255 ad
1070 1208 1267 1256 insulam
1282 1209 1631 1273 peninsulamve

38 1293 185 1352 eatur.
243 1286 468 1339 Quamvis
491 1294 649 1333 autem
668 1283 805 1331 multi
823 1283 916 1330 sint
930 1282 1112 1340 Isthmi,
1133 1283 1456 1331 celeberrimus
1470 1295 1630 1335 tamen

38 1369 109 1408 est
127 1359 466 1418 Corinthiacus,
483 1360 605 1406 inter
622 1358 835 1421 AEgeum
857 1366 904 1404 et
918 1356 1105 1404 Ionium
1121 1374 1264 1415 mare,
1284 1359 1414 1420 cujus
1432 1359 1627 1409 latitudo

35 1444 107 1482 est
125 1449 321 1481 XXXVI.
344 1435 615 1492 stadiorum,
633 1442 751 1480 teste
772 1432 1031 1489 Herodot0‚
1053 1431 1085 1478 l.
1106 1432 1193 1479 VI.
1252 1433 1345 1479 Hic
1364 1433 1627 1497 Neptunus,

36 1518 349 1573 cognomento
366 1508 604 1566 Isthmius,
618 1507 846 1571 templum
860 1506 1022 1554 habuit
1035 1507 1269 1571 picearum
1278 1509 1503 1557 arborum
1521 1510 1628 1559 luco

36 1584 412 1641 circumclusum,
436 1584 494 1630 de
515 1599 607 1647 quo
623 1582 790 1629 Strabo
807 1582 1042 1630 libsVIII.
1079 1582 1327 1629 Pausanias
1344 1583 1628 1633 inCorinth.

103 1660 254 1724 Prope
275 1660 366 1706 hoc
390 1658 608 1706 Isthmios
643 1657 776 1704 ludos
810 1657 961 1703 Graeci
984 1656 1292 1715 celebrabant,
1322 1675 1627 1723 pervquorum

35 1742 220 1797 tempus
264 1732 437 1780 foedera
480 1733 603 1779 dicta
648 1731 844 1779 Isthmia
887 1731 1128 1778 durabant.
1220 1732 1406 1779 Horum
1450 1735 1626 1798 primus

35 1818 196 1856 auctor
232 1807 320 1855 fuit
364 1807 585 1872 Sisyphus
631 1806 981 1854 Corinthiorum
1028 1823 1122 1854 rex.
1193 1807 1318 1867 Nam
1365 1809 1475 1856 clun
1523 1811 1626 1870 Ino,

35 1878 255 1931 maritum
276 1880 494 1930 insanum
518 1882 717 1946 fugiens,
741 1899 798 1929 ex
819 1883 949 1945 petra
973 1880 1213 1928 Molucide
1236 1898 1345 1929 cum
1368 1883 1463 1930 filio
1488 1885 1629 1937 Meli-

36 1960 162 2006 certa
203 1958 253 2005 in
298 1974 427 2006 mare
473 1957 729 2015 desiliisset,
787 1956 1043 2003 Melicertae
1088 1955 1279 2002 cadaver
1330 1973 1357 2003 a
1413 1958 1628 2021 delphine

36 2034 239 2098 quodam
282 2033 333 2079 in
376 2033 504 2079 littus
551 2032 803 2093 deductum
848 2040 932 2085 est,
970 2039 1018 2077 et
1063 2047 1091 2077 a
1129 2030 1326 2094 Sisypho
1370 2032 1627 2092 inventum,

38 2107 362 2171 sepultumque
416 2107 474 2153 ab
523 2089 887 2169 Amphimacho
923 2114 970 2152 et
1025 2105 1286 2152 Donacino.
1378 2107 1472 2154 Sed
1517 2108 1627 2156 cum

38 2180 265 2229 Corrnthii
322 2189 452 2244 peste
497 2190 784 2238 vexarentur,
830 2179 1063 2244 respondit
1105 2180 1292 2244 Apollo,
1345 2198 1440 2229 non
1496 2183 1626 2246 prius

36 2258 286 2307 desituram
299 2258 453 2316 luem,
478 2255 621 2321 quam
662 2257 853 2304 funebre
888 2266 1123 2304 certamen
1158 2258 1415 2306 Melicertae
1441 2259 1628 2322 institu-

34 2332 192 2380 issent.
261 2333 402 2386 Quod
426 2332 535 2379 cum
558 2332 623 2378 illi
647 2331 837 2395 segnius
861 2331 1065 2380 facerent
1097 2341 1145 2379 et
1177 2333 1438 2396 pestilentia
1477 2334 1626 2398 magis

0 2413 2 2443 ἶ
34 2398 275 2471 magisque
315 2406 710 2459 labefactarentur,
748 2406 919 2453 iterum
963 2407 1231 2470 Apollinem
1278 2409 1625 2468 consuluerunt,

37 2481 118 2545 qui
140 2481 389 2545 respondit,
413 2481 641 2528 honorem
675 2490 949 2544 perpetuum
984 2498 1083 2528 esse
1106 2482 1362 2530 Melicertae
1383 2483 1629 2546 instituen-

31 2555 168 2602 dum.
234 2556 362 2603 Tum
398 2555 635 2619 Sisyphus,
659 2555 955 2603 Athamantis
988 2556 1143 2616 frater,
1166 2558 1299 2605 ludos
1336 2559 1553 2606 Isthmios
1575 2559 1625 2604 in

38 2630 292 2684 Melicertae
353 2630 581 2677 honorem
641 2630 855 2689 instituit,
910 2648 1048 2694 quem
1103 2642 1157 2680 ut
1208 2633 1349 2680 deum
1396 2632 1625 2695 marinum

0 2704 225 2757 „nomine
260 2705 576 2752 Palaemonem
610 2706 709 2767 jam
749 2705 977 2765 colebant,
1019 2723 1076 2769 ex
1122 2708 1383 2758 Nereidum
1428 2706 1625 2762 monitu,

15 2777 204 2840 quibus
240 2780 508 2828 saltantibus
545 2771 804 2828 occurrerat
837 2778 1075 2844 Sisyphus.
1148 2782 1307 2829 Noctu
1331 2791 1485 2828 autem
1519 2796 1625 2843 age·
