<?xml version="1.0" encoding="UTF-8"?>
<!DOCTYPE html PUBLIC "-//W3C//DTD XHTML 1.0 Transitional//EN"
    "http://www.w3.org/TR/xhtml1/DTD/xhtml1-transitional.dtd">
<html xmlns="http://www.w3.org/1999/xhtml" xml:lang="en" lang="en">
 <head>
  <title>
</title>
<meta http-equiv="Content-Type" content="text/html;charset=utf-8" />
  <meta name='ocr-system' content='tesseract 3.04.00' />
  <meta name='ocr-capabilities' content='ocr_page ocr_carea ocr_par ocr_line ocrx_word'/>
</head>
<body>
  <div class='ocr_page' id='page_1' title='image "./pindaricarminaju00pinduoft_0224.png"; bbox 0 0 1826 3178; ppageno 0'>
   <div class='ocr_carea' id='block_1_1' title="bbox 145 165 236 214">
    <p class='ocr_par' dir='ltr' id='par_1_1' title="bbox 145 165 236 214">
     <span class='ocr_line' id='line_1_1' title="bbox 145 165 236 214; baseline 0 -1"><span class='ocrx_word' id='word_1_1' title='bbox 145 165 236 214; x_wconf 84' lang='lat'>186</span> 
     </span>
    </p>
   </div>
   <div class='ocr_carea' id='block_1_2' title="bbox 435 253 946 328">
    <p class='ocr_par' dir='ltr' id='par_1_2' title="bbox 435 253 946 328">
     <span class='ocr_line' id='line_1_2' title="bbox 435 253 946 328; baseline 0.006 -21"><span class='ocrx_word' id='word_1_2' title='bbox 435 253 749 328; x_wconf 71' lang='grc' dir='ltr'>Λωκτιζέμεν,</span> <span class='ocrx_word' id='word_1_3' title='bbox 777 254 946 310; x_wconf 75' lang='grc' dir='ltr'>τελέθει</span> 
     </span>
    </p>
   </div>
   <div class='ocr_carea' id='block_1_3' title="bbox 255 333 874 409">
    <p class='ocr_par' dir='ltr' id='par_1_3' title="bbox 255 333 874 409">
     <span class='ocr_line' id='line_1_3' title="bbox 255 333 874 409; baseline 0.005 -21"><span class='ocrx_word' id='word_1_4' title='bbox 255 346 352 396; x_wconf 88' lang='lat'>175</span> <span class='ocrx_word' id='word_1_5' title='bbox 428 335 701 409; x_wconf 72' lang='grc' dir='ltr'>Ὀλισ-θηξός</span> <span class='ocrx_word' id='word_1_6' title='bbox 725 333 874 409; x_wconf 63' lang='grc' dir='ltr'><strong><em>οἶμος.</em></strong></span> 
     </span>
    </p>
   </div>
   <div class='ocr_carea' id='block_1_4' title="bbox 667 158 1211 214">
    <p class='ocr_par' dir='ltr' id='par_1_4' title="bbox 667 158 1211 214">
     <span class='ocr_line' id='line_1_4' title="bbox 667 158 1211 214; baseline 0.006 -11"><span class='ocrx_word' id='word_1_7' title='bbox 667 158 982 214; x_wconf 84' lang='grc' dir='ltr'><strong>ΡΥΤΗΙΑ,</strong></span> <span class='ocrx_word' id='word_1_8' title='bbox 1041 162 1130 206; x_wconf 84' lang='lat' dir='ltr'>On.</span> <span class='ocrx_word' id='word_1_9' title='bbox 1150 162 1211 206; x_wconf 91' lang='lat'>11.</span> 
     </span>
    </p>
   </div>
   <div class='ocr_carea' id='block_1_5' title="bbox 949 335 1275 395">
    <p class='ocr_par' dir='ltr' id='par_1_5' title="bbox 949 335 1275 395">
     <span class='ocr_line' id='line_1_5' title="bbox 949 335 1275 395; baseline 0 -5"><span class='ocrx_word' id='word_1_10' title='bbox 949 337 1119 391; x_wconf 69' lang='grc' dir='ltr'>ἁδόντα,</span> <span class='ocrx_word' id='word_1_11' title='bbox 1144 336 1180 390; x_wconf 73' lang='grc' dir='ltr'>δ’</span> <span class='ocrx_word' id='word_1_12' title='bbox 1210 335 1258 390; x_wconf 67' lang='grc' dir='ltr'>εἶ’</span> <span class='ocrx_word' id='word_1_13' title='bbox 1251 360 1275 395; x_wconf 87' lang='grc' dir='ltr'><em>η</em></span> 
     </span>
    </p>
   </div>
   <div class='ocr_carea' id='block_1_6' title="bbox 435 419 1070 514">
    <p class='ocr_par' dir='ltr' id='par_1_6' title="bbox 435 419 1070 514">
     <span class='ocr_line' id='line_1_6' title="bbox 435 419 1070 490; baseline -0.002 -19"><span class='ocrx_word' id='word_1_14' title='bbox 435 424 512 471; x_wconf 67' lang='lat' dir='ltr'>Me</span> <span class='ocrx_word' id='word_1_15' title='bbox 538 424 628 479; x_wconf 72' lang='grc' dir='ltr'>τοῖς</span> <span class='ocrx_word' id='word_1_16' title='bbox 654 422 850 486; x_wconf 77' lang='grc' dir='ltr'><em>ἀγαθοῖς</em></span> <span class='ocrx_word' id='word_1_17' title='bbox 876 419 1070 490; x_wconf 76' lang='grc' dir='ltr'>ὁμιλεῖν.</span> 
     </span>
     <span class='ocr_line' id='line_1_7' title="bbox 743 497 750 514; baseline 0 -1"><span class='ocrx_word' id='word_1_18' title='bbox 743 497 750 514; x_wconf 69' lang='grc'><strong><em>,</em></strong></span> 
     </span>
    </p>
   </div>
   <div class='ocr_carea' id='block_1_7' title="bbox 139 581 921 1162">
    <p class='ocr_par' dir='ltr' id='par_1_7' title="bbox 139 581 921 1162">
     <span class='ocr_line' id='line_1_8' title="bbox 140 581 919 625; baseline 0.006 -12"><span class='ocrx_word' id='word_1_19' title='bbox 140 591 217 614; x_wconf 75' lang='lat' dir='ltr'>xum</span> <span class='ocrx_word' id='word_1_20' title='bbox 246 581 348 625; x_wconf 76' lang='lat' dir='ltr'>igitur</span> <span class='ocrx_word' id='word_1_21' title='bbox 373 583 462 623; x_wconf 81' lang='lat' dir='ltr'>ordo,</span> <span class='ocrx_word' id='word_1_22' title='bbox 492 585 570 617; x_wconf 87' lang='lat' dir='ltr'>inde</span> <span class='ocrx_word' id='word_1_23' title='bbox 595 587 637 618; x_wconf 88' lang='lat' dir='ltr'>ab</span> <span class='ocrx_word' id='word_1_24' title='bbox 663 589 722 619; x_wconf 79' lang='lat'>181</span> <span class='ocrx_word' id='word_1_25' title='bbox 749 585 791 618; x_wconf 82' lang='lat' dir='ltr'>ad</span> <span class='ocrx_word' id='word_1_26' title='bbox 815 586 840 618; x_wconf 81' lang='lat' dir='ltr'>f.</span> <span class='ocrx_word' id='word_1_27' title='bbox 871 585 919 618; x_wconf 84' lang='lat' dir='ltr'>ita</span> 
     </span>
     <span class='ocr_line' id='line_1_9' title="bbox 139 627 918 668; baseline 0.006 -10"><span class='ocrx_word' id='word_1_28' title='bbox 139 627 314 668; x_wconf 83' lang='lat' dir='ltr'>procedere</span> <span class='ocrx_word' id='word_1_29' title='bbox 327 628 465 662; x_wconf 84' lang='lat' dir='ltr'>videtur.</span> <span class='ocrx_word' id='word_1_30' title='bbox 488 630 591 662; x_wconf 75' lang='lat' dir='ltr'>Po&#39;eta</span> <span class='ocrx_word' id='word_1_31' title='bbox 600 637 712 663; x_wconf 87' lang='lat' dir='ltr'>monet</span> <span class='ocrx_word' id='word_1_32' title='bbox 724 631 918 668; x_wconf 79' lang='lat' dir='ltr'>HIeronem,</span> 
     </span>
     <span class='ocr_line' id='line_1_10' title="bbox 141 672 919 717; baseline 0.004 -14"><span class='ocrx_word' id='word_1_33' title='bbox 141 683 185 704; x_wconf 86' lang='lat' dir='ltr'>ne</span> <span class='ocrx_word' id='word_1_34' title='bbox 200 672 330 704; x_wconf 83' lang='lat' dir='ltr'>deliniri</span> <span class='ocrx_word' id='word_1_35' title='bbox 343 683 378 705; x_wconf 81' lang='lat' dir='ltr'>se</span> <span class='ocrx_word' id='word_1_36' title='bbox 392 674 534 714; x_wconf 83' lang='lat' dir='ltr'>patiatur</span> <span class='ocrx_word' id='word_1_37' title='bbox 547 677 588 708; x_wconf 86' lang='lat' dir='ltr'>ab</span> <span class='ocrx_word' id='word_1_38' title='bbox 603 675 833 714; x_wconf 76' lang='lat' dir='ltr'><strong>adulatoribus,</strong></span> <span class='ocrx_word' id='word_1_39' title='bbox 848 675 919 717; x_wconf 85' lang='lat' dir='ltr'>qui,</span> 
     </span>
     <span class='ocr_line' id='line_1_11' title="bbox 141 716 921 757; baseline 0.005 -9"><span class='ocrx_word' id='word_1_40' title='bbox 141 716 224 748; x_wconf 88' lang='lat' dir='ltr'>dum</span> <span class='ocrx_word' id='word_1_41' title='bbox 258 727 336 749; x_wconf 89' lang='lat' dir='ltr'>eum</span> <span class='ocrx_word' id='word_1_42' title='bbox 365 717 524 752; x_wconf 85' lang='lat' dir='ltr'>demereri</span> <span class='ocrx_word' id='word_1_43' title='bbox 545 719 646 751; x_wconf 83' lang='lat' dir='ltr'>videri</span> <span class='ocrx_word' id='word_1_44' title='bbox 678 720 802 757; x_wconf 86' lang='lat' dir='ltr'>volunt,</span> <span class='ocrx_word' id='word_1_45' title='bbox 839 719 921 751; x_wconf 82' lang='lat' dir='ltr'>alios</span> 
     </span>
     <span class='ocr_line' id='line_1_12' title="bbox 141 761 921 806; baseline 0.001 -12"><span class='ocrx_word' id='word_1_46' title='bbox 141 761 406 803; x_wconf 82' lang='lat' dir='ltr'><strong>calumniantur,</strong></span> <span class='ocrx_word' id='word_1_47' title='bbox 437 764 526 806; x_wconf 90' lang='lat' dir='ltr'>quod</span> <span class='ocrx_word' id='word_1_48' title='bbox 547 764 610 805; x_wconf 85' lang='lat' dir='ltr'>ipsi</span> <span class='ocrx_word' id='word_1_49' title='bbox 635 765 739 805; x_wconf 87' lang='lat' dir='ltr'>po&#39;e‘tae</span> <span class='ocrx_word' id='word_1_50' title='bbox 768 764 921 796; x_wconf 79' lang='lat' dir='ltr'>accidisse</span> 
     </span>
     <span class='ocr_line' id='line_1_13' title="bbox 141 806 921 850; baseline 0.004 -13"><span class='ocrx_word' id='word_1_51' title='bbox 141 806 426 846; x_wconf 74' lang='lat' dir='ltr'>v1detur‚-142.</span> <span class='ocrx_word' id='word_1_52' title='bbox 449 809 509 840; x_wconf 83' lang='lat' dir='ltr'>etsi</span> <span class='ocrx_word' id='word_1_53' title='bbox 534 809 612 849; x_wconf 87' lang='lat' dir='ltr'>ipse,</span> <span class='ocrx_word' id='word_1_54' title='bbox 635 810 710 840; x_wconf 83' lang='lat' dir='ltr'>vitae</span> <span class='ocrx_word' id='word_1_55' title='bbox 735 809 921 850; x_wconf 83' lang='lat' dir='ltr'>integritate</span> 
     </span>
     <span class='ocr_line' id='line_1_14' title="bbox 141 851 920 893; baseline 0.004 -11"><span class='ocrx_word' id='word_1_56' title='bbox 141 851 300 889; x_wconf 82' lang='lat' dir='ltr'>munitus,</span> <span class='ocrx_word' id='word_1_57' title='bbox 328 853 470 893; x_wconf 84' lang='lat' dir='ltr'><strong>opprimi</strong></span> <span class='ocrx_word' id='word_1_58' title='bbox 509 864 624 885; x_wconf 80' lang='lat' dir='ltr'>eorum</span> <span class='ocrx_word' id='word_1_59' title='bbox 657 854 830 885; x_wconf 80' lang='lat' dir='ltr'>calumniis</span> <span class='ocrx_word' id='word_1_60' title='bbox 862 864 920 885; x_wconf 92' lang='lat' dir='ltr'>ne-</span> 
     </span>
     <span class='ocr_line' id='line_1_15' title="bbox 142 898 920 939; baseline 0.003 -12"><span class='ocrx_word' id='word_1_61' title='bbox 142 902 307 938; x_wconf 59' lang='lat' dir='ltr'>queun—</span> <span class='ocrx_word' id='word_1_62' title='bbox 320 900 395 930; x_wconf 86' lang='lat'>147.</span> <span class='ocrx_word' id='word_1_63' title='bbox 442 898 543 939; x_wconf 87' lang='lat' dir='ltr'><strong>Apud</strong></span> <span class='ocrx_word' id='word_1_64' title='bbox 568 899 654 930; x_wconf 84' lang='lat' dir='ltr'>viros</span> <span class='ocrx_word' id='word_1_65' title='bbox 683 899 770 930; x_wconf 85' lang='lat' dir='ltr'>enim</span> <span class='ocrx_word' id='word_1_66' title='bbox 804 899 920 938; x_wconf 84' lang='lat' dir='ltr'>probos</span> 
     </span>
     <span class='ocr_line' id='line_1_16' title="bbox 141 941 919 985; baseline 0.001 -13"><span class='ocrx_word' id='word_1_67' title='bbox 141 941 269 973; x_wconf 87' lang='lat' dir='ltr'>nullam</span> <span class='ocrx_word' id='word_1_68' title='bbox 277 941 413 973; x_wconf 89' lang='lat' dir='ltr'>istorum</span> <span class='ocrx_word' id='word_1_69' title='bbox 421 943 665 985; x_wconf 77' lang='lat' dir='ltr'>eriminatorum</span> <span class='ocrx_word' id='word_1_70' title='bbox 673 943 919 975; x_wconf 76' lang='lat' dir='ltr'>esseauctorita-</span> 
     </span>
     <span class='ocr_line' id='line_1_17' title="bbox 141 986 920 1029; baseline 0 -11"><span class='ocrx_word' id='word_1_71' title='bbox 141 991 221 1022; x_wconf 82' lang='lat' dir='ltr'>tem.</span> <span class='ocrx_word' id='word_1_72' title='bbox 236 986 297 1017; x_wconf 87' lang='lat' dir='ltr'>etsi</span> <span class='ocrx_word' id='word_1_73' title='bbox 307 986 357 1017; x_wconf 91' lang='lat' dir='ltr'>illi</span> <span class='ocrx_word' id='word_1_74' title='bbox 369 988 561 1020; x_wconf 83' lang='lat' dir='ltr'>assentando</span> <span class='ocrx_word' id='word_1_75' title='bbox 570 988 697 1019; x_wconf 84' lang='lat' dir='ltr'>cunctis</span> <span class='ocrx_word' id='word_1_76' title='bbox 706 998 826 1029; x_wconf 85' lang='lat' dir='ltr'>magna</span> <span class='ocrx_word' id='word_1_77' title='bbox 833 987 920 1019; x_wconf 82' lang='lat' dir='ltr'>mala</span> 
     </span>
     <span class='ocr_line' id='line_1_18' title="bbox 142 1030 919 1071; baseline 0 -9"><span class='ocrx_word' id='word_1_78' title='bbox 142 1040 251 1062; x_wconf 83' lang='lat' dir='ltr'>creare</span> <span class='ocrx_word' id='word_1_79' title='bbox 265 1036 534 1071; x_wconf 54' lang='lat' dir='ltr'>possunt—152.</span> <span class='ocrx_word' id='word_1_80' title='bbox 556 1042 591 1064; x_wconf 78' lang='lat' dir='ltr'>se</span> <span class='ocrx_word' id='word_1_81' title='bbox 605 1030 727 1070; x_wconf 69' lang='lat' dir='ltr'>contra,</span> <span class='ocrx_word' id='word_1_82' title='bbox 744 1042 804 1063; x_wconf 90' lang='lat' dir='ltr'>nec</span> <span class='ocrx_word' id='word_1_83' title='bbox 816 1031 919 1062; x_wconf 86' lang='lat' dir='ltr'>simu-</span> 
     </span>
     <span class='ocr_line' id='line_1_19' title="bbox 141 1075 921 1114; baseline 0 -8"><span class='ocrx_word' id='word_1_84' title='bbox 141 1075 211 1106; x_wconf 82' lang='lat' dir='ltr'>lare</span> <span class='ocrx_word' id='word_1_85' title='bbox 225 1075 411 1114; x_wconf 76' lang='lat' dir='ltr'>amicitiam,</span> <span class='ocrx_word' id='word_1_86' title='bbox 435 1087 498 1109; x_wconf 82' lang='lat' dir='ltr'>nee</span> <span class='ocrx_word' id='word_1_87' title='bbox 527 1077 641 1108; x_wconf 88' lang='lat' dir='ltr'>odium</span> <span class='ocrx_word' id='word_1_88' title='bbox 661 1076 921 1108; x_wconf 81' lang='lat' dir='ltr'>dissimulare.—</span> 
     </span>
     <span class='ocr_line' id='line_1_20' title="bbox 145 1119 919 1162; baseline 0.003 -11"><span class='ocrx_word' id='word_1_89' title='bbox 145 1122 222 1153; x_wconf 85' lang='lat'>156.</span> <span class='ocrx_word' id='word_1_90' title='bbox 244 1119 316 1152; x_wconf 87' lang='lat' dir='ltr'>Nec</span> <span class='ocrx_word' id='word_1_91' title='bbox 338 1131 373 1152; x_wconf 82' lang='lat' dir='ltr'>se</span> <span class='ocrx_word' id='word_1_92' title='bbox 399 1121 462 1154; x_wconf 86' lang='lat' dir='ltr'>sibi</span> <span class='ocrx_word' id='word_1_93' title='bbox 481 1122 517 1153; x_wconf 89' lang='lat' dir='ltr'>in</span> <span class='ocrx_word' id='word_1_94' title='bbox 539 1122 602 1153; x_wconf 90' lang='lat' dir='ltr'>hoc</span> <span class='ocrx_word' id='word_1_95' title='bbox 617 1131 708 1153; x_wconf 86' lang='lat' dir='ltr'>more</span> <span class='ocrx_word' id='word_1_96' title='bbox 730 1120 919 1162; x_wconf 85' lang='lat' dir='ltr'>displicere;</span> 
     </span>
    </p>
   </div>
   <div class='ocr_carea' id='block_1_8' title="bbox 961 583 1743 1153">
    <p class='ocr_par' dir='ltr' id='par_1_8' title="bbox 961 583 1743 1153">
     <span class='ocr_line' id='line_1_21' title="bbox 962 583 1741 625; baseline 0.001 -9"><span class='ocrx_word' id='word_1_97' title='bbox 962 585 1047 618; x_wconf 78' lang='lat' dir='ltr'>viros</span> <span class='ocrx_word' id='word_1_98' title='bbox 1061 584 1151 616; x_wconf 85' lang='lat' dir='ltr'>enim</span> <span class='ocrx_word' id='word_1_99' title='bbox 1173 583 1374 625; x_wconf 77' lang='lat' dir='ltr'>simplicibus</span> <span class='ocrx_word' id='word_1_100' title='bbox 1387 588 1421 617; x_wconf 88' lang='lat' dir='ltr'>et</span> <span class='ocrx_word' id='word_1_101' title='bbox 1434 583 1582 617; x_wconf 74' lang='lat' dir='ltr'>candidis</span> <span class='ocrx_word' id='word_1_102' title='bbox 1594 583 1741 617; x_wconf 75' lang='lat' dir='ltr'>moribus</span> 
     </span>
     <span class='ocr_line' id='line_1_22' title="bbox 961 629 1740 671; baseline -0.001 -9"><span class='ocrx_word' id='word_1_103' title='bbox 961 631 998 662; x_wconf 87' lang='lat' dir='ltr'>in</span> <span class='ocrx_word' id='word_1_104' title='bbox 1012 630 1164 662; x_wconf 81' lang='lat' dir='ltr'>omnibus</span> <span class='ocrx_word' id='word_1_105' title='bbox 1178 629 1360 662; x_wconf 78' lang='lat' dir='ltr'>civitatibus</span> <span class='ocrx_word' id='word_1_106' title='bbox 1367 629 1618 671; x_wconf 83' lang='lat' dir='ltr'>probari—161.</span> <span class='ocrx_word' id='word_1_107' title='bbox 1641 629 1740 671; x_wconf 84' lang='lat' dir='ltr'>Quod</span> 
     </span>
     <span class='ocr_line' id='line_1_23' title="bbox 963 672 1741 717; baseline 0 -11"><span class='ocrx_word' id='word_1_108' title='bbox 963 675 991 706; x_wconf 89' lang='lat' dir='ltr'>si</span> <span class='ocrx_word' id='word_1_109' title='bbox 1019 675 1150 707; x_wconf 82' lang='lat' dir='ltr'>fortuna</span> <span class='ocrx_word' id='word_1_110' title='bbox 1170 672 1270 706; x_wconf 67' lang='lat' dir='ltr'>modo</span> <span class='ocrx_word' id='word_1_111' title='bbox 1295 674 1389 706; x_wconf 81' lang='lat' dir='ltr'>bonis</span> <span class='ocrx_word' id='word_1_112' title='bbox 1416 673 1515 707; x_wconf 60' lang='lat' dir='ltr'>mod&amp;</span> <span class='ocrx_word' id='word_1_113' title='bbox 1543 673 1639 706; x_wconf 76' lang='lat' dir='ltr'>malis</span> <span class='ocrx_word' id='word_1_114' title='bbox 1665 684 1741 717; x_wconf 85' lang='lat' dir='ltr'>pro-</span> 
     </span>
     <span class='ocr_line' id='line_1_24' title="bbox 962 718 1740 762; baseline -0.001 -11"><span class='ocrx_word' id='word_1_115' title='bbox 962 718 1043 761; x_wconf 72' lang='lat' dir='ltr'>pitia</span> <span class='ocrx_word' id='word_1_116' title='bbox 1056 729 1125 751; x_wconf 81' lang='lat' dir='ltr'>esse</span> <span class='ocrx_word' id='word_1_117' title='bbox 1147 718 1243 750; x_wconf 86' lang='lat' dir='ltr'>solet.</span> <span class='ocrx_word' id='word_1_118' title='bbox 1270 725 1319 750; x_wconf 71' lang='lat' dir='ltr'>ent</span> <span class='ocrx_word' id='word_1_119' title='bbox 1341 718 1378 750; x_wconf 86' lang='lat' dir='ltr'>id</span> <span class='ocrx_word' id='word_1_120' title='bbox 1401 729 1494 762; x_wconf 85' lang='lat' dir='ltr'>aequo</span> <span class='ocrx_word' id='word_1_121' title='bbox 1508 719 1619 751; x_wconf 83' lang='lat' dir='ltr'>animo</span> <span class='ocrx_word' id='word_1_122' title='bbox 1632 720 1740 752; x_wconf 81' lang='lat' dir='ltr'>feren-</span> 
     </span>
     <span class='ocr_line' id='line_1_25' title="bbox 963 763 1743 808; baseline 0 -12"><span class='ocrx_word' id='word_1_123' title='bbox 963 764 1059 796; x_wconf 89' lang='lat' dir='ltr'>dum·</span> <span class='ocrx_word' id='word_1_124' title='bbox 1050 766 1187 803; x_wconf 83' lang='lat'>,—165.</span> <span class='ocrx_word' id='word_1_125' title='bbox 1209 763 1270 795; x_wconf 86' lang='lat' dir='ltr'>etsi</span> <span class='ocrx_word' id='word_1_126' title='bbox 1299 774 1342 795; x_wconf 89' lang='lat' dir='ltr'>ne</span> <span class='ocrx_word' id='word_1_127' title='bbox 1367 764 1430 795; x_wconf 86' lang='lat' dir='ltr'>hoc</span> <span class='ocrx_word' id='word_1_128' title='bbox 1468 763 1601 805; x_wconf 86' lang='lat' dir='ltr'>quidem</span> <span class='ocrx_word' id='word_1_129' title='bbox 1635 766 1743 808; x_wconf 86' lang='lat' dir='ltr'>(puto,</span> 
     </span>
     <span class='ocr_line' id='line_1_26' title="bbox 964 807 1742 851; baseline 0.001 -11"><span class='ocrx_word' id='word_1_130' title='bbox 964 808 1073 851; x_wconf 88' lang='lat' dir='ltr'>quod</span> <span class='ocrx_word' id='word_1_131' title='bbox 1062 810 1124 850; x_wconf 72' lang='lat' dir='ltr'>xpsi</span> <span class='ocrx_word' id='word_1_132' title='bbox 1133 808 1282 840; x_wconf 80' lang='lat' dir='ltr'>secundis</span> <span class='ocrx_word' id='word_1_133' title='bbox 1295 810 1392 840; x_wconf 85' lang='lat' dir='ltr'>rebus</span> <span class='ocrx_word' id='word_1_134' title='bbox 1402 807 1556 848; x_wconf 83' lang='lat' dir='ltr'>utuntur)</span> <span class='ocrx_word' id='word_1_135' title='bbox 1569 809 1742 841; x_wconf 81' lang='lat' dir='ltr'>hominum</span> 
     </span>
     <span class='ocr_line' id='line_1_27' title="bbox 964 852 1742 894; baseline 0 -9"><span class='ocrx_word' id='word_1_136' title='bbox 964 854 1110 892; x_wconf 74' lang='lat' dir='ltr'>istorum,</span> <span class='ocrx_word' id='word_1_137' title='bbox 1138 853 1218 884; x_wconf 87' lang='lat' dir='ltr'>dum</span> <span class='ocrx_word' id='word_1_138' title='bbox 1239 852 1356 884; x_wconf 86' lang='lat' dir='ltr'>alienis</span> <span class='ocrx_word' id='word_1_139' title='bbox 1369 854 1464 885; x_wconf 87' lang='lat' dir='ltr'>bonis</span> <span class='ocrx_word' id='word_1_140' title='bbox 1478 853 1633 891; x_wconf 81' lang='lat' dir='ltr'>invident,</span> <span class='ocrx_word' id='word_1_141' title='bbox 1648 854 1742 894; x_wconf 85' lang='lat' dir='ltr'><strong>cupi·</strong></span> 
     </span>
     <span class='ocr_line' id='line_1_28' title="bbox 964 898 1742 936; baseline -0.001 -6"><span class='ocrx_word' id='word_1_142' title='bbox 964 898 1081 930; x_wconf 88' lang='lat' dir='ltr'>ditates</span> <span class='ocrx_word' id='word_1_143' title='bbox 1096 898 1250 936; x_wconf 79' lang='lat' dir='ltr'>exsatiat3</span> <span class='ocrx_word' id='word_1_144' title='bbox 1273 898 1414 929; x_wconf 82' lang='lat' dir='ltr'>aliorum</span> <span class='ocrx_word' id='word_1_145' title='bbox 1436 898 1526 929; x_wconf 88' lang='lat' dir='ltr'>enim</span> <span class='ocrx_word' id='word_1_146' title='bbox 1551 899 1638 929; x_wconf 84' lang='lat' dir='ltr'>bona</span> <span class='ocrx_word' id='word_1_147' title='bbox 1656 909 1742 930; x_wconf 86' lang='lat' dir='ltr'>sem-</span> 
     </span>
     <span class='ocr_line' id='line_1_29' title="bbox 963 942 1743 983; baseline 0.001 -10"><span class='ocrx_word' id='word_1_148' title='bbox 963 953 1021 983; x_wconf 86' lang='lat' dir='ltr'>per</span> <span class='ocrx_word' id='word_1_149' title='bbox 1031 943 1225 975; x_wconf 79' lang='lat' dir='ltr'>trutinantes</span> <span class='ocrx_word' id='word_1_150' title='bbox 1233 947 1266 974; x_wconf 89' lang='lat' dir='ltr'>et</span> <span class='ocrx_word' id='word_1_151' title='bbox 1273 942 1399 983; x_wconf 80' lang='lat' dir='ltr'>potiora</span> <span class='ocrx_word' id='word_1_152' title='bbox 1409 942 1476 974; x_wconf 79' lang='lat' dir='ltr'>suis</span> <span class='ocrx_word' id='word_1_153' title='bbox 1485 952 1554 974; x_wconf 75' lang='lat' dir='ltr'>esse</span> <span class='ocrx_word' id='word_1_154' title='bbox 1562 942 1743 982; x_wconf 80' lang='lat' dir='ltr'>opinantes,</span> 
     </span>
     <span class='ocr_line' id='line_1_30' title="bbox 963 986 1742 1028; baseline -0.001 -9"><span class='ocrx_word' id='word_1_155' title='bbox 963 988 1113 1019; x_wconf 88' lang='lat' dir='ltr'>animum</span> <span class='ocrx_word' id='word_1_156' title='bbox 1134 987 1304 1027; x_wconf 84' lang='lat' dir='ltr'>arrodunt,</span> <span class='ocrx_word' id='word_1_157' title='bbox 1326 986 1430 1019; x_wconf 84' lang='lat' dir='ltr'>donec</span> <span class='ocrx_word' id='word_1_158' title='bbox 1451 997 1498 1024; x_wconf 84' lang='lat' dir='ltr'>ea,</span> <span class='ocrx_word' id='word_1_159' title='bbox 1521 997 1595 1028; x_wconf 78' lang='lat' dir='ltr'>quae</span> <span class='ocrx_word' id='word_1_160' title='bbox 1618 987 1742 1019; x_wconf 76' lang='lat' dir='ltr'>machi-</span> 
     </span>
     <span class='ocr_line' id='line_1_31' title="bbox 963 1031 1743 1074; baseline 0.001 -12"><span class='ocrx_word' id='word_1_161' title='bbox 963 1038 1093 1068; x_wconf 82' lang='lat' dir='ltr'>nantur,</span> <span class='ocrx_word' id='word_1_162' title='bbox 1122 1032 1286 1072; x_wconf 83' lang='lat' dir='ltr'>assequuti</span> <span class='ocrx_word' id='word_1_163' title='bbox 1313 1031 1446 1068; x_wconf 82' lang='lat' dir='ltr'>fuerint,</span> <span class='ocrx_word' id='word_1_164' title='bbox 1474 1032 1527 1074; x_wconf 89' lang='lat' dir='ltr'>(ut</span> <span class='ocrx_word' id='word_1_165' title='bbox 1546 1031 1743 1064; x_wconf 80' lang='lat' dir='ltr'>adversarios</span> 
     </span>
     <span class='ocr_line' id='line_1_32' title="bbox 964 1075 1742 1117; baseline 0.003 -11"><span class='ocrx_word' id='word_1_166' title='bbox 964 1075 1059 1107; x_wconf 81' lang='lat' dir='ltr'>bonis</span> <span class='ocrx_word' id='word_1_167' title='bbox 1073 1076 1141 1107; x_wconf 86' lang='lat' dir='ltr'>suis</span> <span class='ocrx_word' id='word_1_168' title='bbox 1155 1077 1290 1117; x_wconf 85' lang='lat' dir='ltr'>exuant)</span> <span class='ocrx_word' id='word_1_169' title='bbox 1303 1078 1439 1108; x_wconf 70' lang='lat'>2—170.</span> <span class='ocrx_word' id='word_1_170' title='bbox 1457 1075 1500 1107; x_wconf 81' lang='lat' dir='ltr'>ad</span> <span class='ocrx_word' id='word_1_171' title='bbox 1519 1082 1602 1110; x_wconf 82' lang='lat' dir='ltr'>extr.</span> <span class='ocrx_word' id='word_1_172' title='bbox 1649 1076 1742 1108; x_wconf 74' lang='lat' dir='ltr'>1³1ae-</span> 
     </span>
     <span class='ocr_line' id='line_1_33' title="bbox 965 1119 1502 1153; baseline 0 -1"><span class='ocrx_word' id='word_1_173' title='bbox 965 1126 1029 1152; x_wconf 82' lang='lat' dir='ltr'>stat</span> <span class='ocrx_word' id='word_1_174' title='bbox 1043 1119 1102 1152; x_wconf 63' lang='lat' dir='ltr'>sua</span> <span class='ocrx_word' id='word_1_175' title='bbox 1116 1126 1201 1152; x_wconf 78' lang='lat' dir='ltr'>sorte</span> <span class='ocrx_word' id='word_1_176' title='bbox 1220 1130 1290 1153; x_wconf 69' lang='lat' dir='ltr'>ease</span> <span class='ocrx_word' id='word_1_177' title='bbox 1299 1125 1502 1153; x_wconf 81' lang='lat' dir='ltr'>contentum.</span> 
     </span>
    </p>
   </div>
   <div class='ocr_carea' id='block_1_9' title="bbox 139 1255 1767 1493">
    <p class='ocr_par' dir='ltr' id='par_1_9' title="bbox 139 1255 1767 1493">
     <span class='ocr_line' id='line_1_34' title="bbox 142 1255 1747 1309; baseline -0.001 -13"><span class='ocrx_word' id='word_1_178' title='bbox 142 1257 265 1309; x_wconf 85' lang='lat' dir='ltr'>magis</span> <span class='ocrx_word' id='word_1_179' title='bbox 294 1257 447 1296; x_wconf 84' lang='lat' dir='ltr'>laeditur</span> <span class='ocrx_word' id='word_1_180' title='bbox 475 1269 595 1309; x_wconf 87' lang='lat' dir='ltr'>quum</span> <span class='ocrx_word' id='word_1_181' title='bbox 625 1256 806 1296; x_wconf 84' lang='lat' dir='ltr'>adversus</span> <span class='ocrx_word' id='word_1_182' title='bbox 832 1257 1029 1296; x_wconf 89' lang='lat' dir='ltr'>stimulum</span> <span class='ocrx_word' id='word_1_183' title='bbox 1065 1256 1252 1305; x_wconf 85' lang='lat' dir='ltr'>calcitrat,</span> <span class='ocrx_word' id='word_1_184' title='bbox 1279 1255 1398 1309; x_wconf 68' lang='lat' dir='ltr'>quam</span> <span class='ocrx_word' id='word_1_185' title='bbox 1427 1269 1560 1309; x_wconf 89' lang='lat' dir='ltr'><strong>quum,</strong></span> <span class='ocrx_word' id='word_1_186' title='bbox 1589 1255 1747 1295; x_wconf 81' lang='lat' dir='ltr'>stimulo</span> 
     </span>
     <span class='ocr_line' id='line_1_35' title="bbox 141 1316 1747 1368; baseline 0 -12"><span class='ocrx_word' id='word_1_187' title='bbox 141 1318 324 1365; x_wconf 85' lang='lat' dir='ltr'>monitus,</span> <span class='ocrx_word' id='word_1_188' title='bbox 343 1325 511 1357; x_wconf 85' lang='lat' dir='ltr'>aratrum</span> <span class='ocrx_word' id='word_1_189' title='bbox 528 1316 654 1356; x_wconf 67' lang='lat' dir='ltr'>acrius</span> <span class='ocrx_word' id='word_1_190' title='bbox 672 1317 800 1357; x_wconf 88' lang='lat' dir='ltr'>trahit.</span> <span class='ocrx_word' id='word_1_191' title='bbox 854 1320 954 1362; x_wconf 84' lang='lat' dir='ltr'>Quae</span> <span class='ocrx_word' id='word_1_192' title='bbox 971 1331 1060 1357; x_wconf 91' lang='lat' dir='ltr'>cum</span> <span class='ocrx_word' id='word_1_193' title='bbox 1078 1317 1133 1357; x_wconf 83' lang='lat' dir='ltr'>ita</span> <span class='ocrx_word' id='word_1_194' title='bbox 1148 1318 1237 1366; x_wconf 86' lang='lat' dir='ltr'>sint,</span> <span class='ocrx_word' id='word_1_195' title='bbox 1254 1317 1355 1357; x_wconf 87' lang='lat' dir='ltr'>faxit</span> <span class='ocrx_word' id='word_1_196' title='bbox 1372 1319 1496 1365; x_wconf 87' lang='lat' dir='ltr'>Deus,</span> <span class='ocrx_word' id='word_1_197' title='bbox 1517 1323 1572 1364; x_wconf 89' lang='lat' dir='ltr'>ut,</span> <span class='ocrx_word' id='word_1_198' title='bbox 1590 1317 1747 1368; x_wconf 87' lang='lat' dir='ltr'>neglec-</span> 
     </span>
     <span class='ocr_line' id='line_1_36' title="bbox 139 1377 1767 1432; baseline 0 -16"><span class='ocrx_word' id='word_1_199' title='bbox 139 1378 193 1417; x_wconf 87' lang='lat' dir='ltr'>tis</span> <span class='ocrx_word' id='word_1_200' title='bbox 221 1378 463 1418; x_wconf 87' lang='lat' dir='ltr'>inimicorum</span> <span class='ocrx_word' id='word_1_201' title='bbox 496 1378 657 1430; x_wconf 86' lang='lat' dir='ltr'>injuriis,</span> <span class='ocrx_word' id='word_1_202' title='bbox 690 1377 799 1418; x_wconf 88' lang='lat' dir='ltr'><strong>fruar</strong></span> <span class='ocrx_word' id='word_1_203' title='bbox 826 1379 1000 1432; x_wconf 70' lang='lat' dir='ltr'>jucunda</span> <span class='ocrx_word' id='word_1_204' title='bbox 1034 1378 1202 1420; x_wconf 86' lang='lat' dir='ltr'>virorum</span> <span class='ocrx_word' id='word_1_205' title='bbox 1230 1379 1421 1419; x_wconf 87' lang='lat' dir='ltr'>bonorum</span> <span class='ocrx_word' id='word_1_206' title='bbox 1454 1377 1767 1426; x_wconf 54' lang='lat' dir='ltr'>consuetudine„</span> 
     </span>
     <span class='ocr_line' id='line_1_37' title="bbox 144 1439 785 1493; baseline 0 -14"><span class='ocrx_word' id='word_1_207' title='bbox 144 1439 284 1493; x_wconf 83' lang='lat' dir='ltr'>quibus</span> <span class='ocrx_word' id='word_1_208' title='bbox 300 1452 389 1480; x_wconf 88' lang='lat' dir='ltr'>mea</span> <span class='ocrx_word' id='word_1_209' title='bbox 406 1439 576 1479; x_wconf 86' lang='lat' dir='ltr'>carmina</span> <span class='ocrx_word' id='word_1_210' title='bbox 591 1439 785 1492; x_wconf 87' lang='lat' dir='ltr'>placeant.</span> 
     </span>
    </p>
   </div>
  </div>
 </body>
</html>
