1826 3178
159 191 249 239 152
624 186 711 229 DE
743 186 930 231 LUDIS
962 188 1232 233 PYTHIIS.

154 292 363 358 quenniis
400 291 590 357 singulis
624 304 923 342 recurrerent.
994 293 1217 343 Nonnulli
1251 293 1542 349 arbitrantur,
1566 291 1624 339 ab
1643 291 1746 357 ipso

155 371 396 435 serpente,
419 371 497 434 qui
538 380 691 418 custos
731 371 867 419 fuerit
902 373 1109 430 Oraculi,
1141 372 1282 419 etiam
1322 370 1556 417 institutos
1594 370 1746 417 ludos.

155 447 212 495 In
237 446 306 493 his
329 445 562 509 pancratio
582 456 628 493 et
641 447 930 510 quinquertio
948 448 1153 510 primum
1169 463 1267 493 sese
1286 454 1613 499 exercuerunt3
1639 445 1746 507 quia

153 521 277 569 fama
301 529 385 578 est,
410 520 559 584 prima
582 521 818 590 Pythiade,
841 521 891 569 in
912 523 999 583 qua
1027 523 1266 569 certarunt
1281 521 1376 574 Dii,
1400 520 1560 567 vicisse
1582 520 1746 566 Casto-

153 615 252 648 rem
301 598 464 655 stadio,
519 599 754 646 Pollucem
799 598 1023 662 pugilatu,
1077 616 1212 646 cursu
1261 598 1455 657 Calaim,
1513 606 1741 644 armatum

154 674 320 731 Zeten,
343 673 469 720 disco
493 673 699 732 Peleum,
722 674 847 721 lucta
868 674 1191 730 Telamonem,
1214 673 1450 737 pancratio
1476 673 1744 730 Herculem,

152 748 248 811 qui,
276 765 360 813 pro
390 749 597 812 praernio,
621 749 824 796 lauream
860 765 1080 796 coronam
1118 750 1175 795 ab
1203 747 1420 812 Apolline
1453 756 1745 811 acceperunt.

153 822 352 876 Deinde,
377 823 607 887 quadrigis
629 823 845 889 exceptis,
878 823 1035 870 omnia
1068 839 1172 888 quae
1205 821 1254 870 in
1279 821 1533 886 Olympicis
1556 821 1749 870 aderant

153 896 430 944 athletarum
469 897 635 956 studia,
675 897 722 944 in
753 898 853 945 haec
888 897 1140 945 certamina
1174 905 1357 960 recepta
1379 905 1526 953 sunt.;.
1556 895 1745 944 tandem

152 970 290 1018 etiam
317 971 567 1035 quadrigae.
635 971 903 1019 Victoribus
918 989 1012 1019 non
1031 989 1212 1035 semper
1233 971 1393 1018 eadem
1416 971 1523 1019 data
1539 971 1746 1034 praemia.

153 1046 295 1099 Nam,
321 1055 427 1093 ante
466 1046 665 1104 laurum,
697 1047 893 1094 aesculea
927 1046 1053 1094 frons
1088 1047 1295 1104 dabatur,
1317 1055 1373 1093 ut
1407 1046 1504 1093 vult
1534 1046 1746 1103 Ovidius,

152 1123 190 1170 1.
216 1123 413 1170 Metam.

411 1234 488 1276 Hic
493 1235 675 1283 juvenum
695 1234 902 1287 quicunque
919 1248 1034 1274 manu
1047 1235 1242 1286 pedibusve
1257 1234 1386 1274 rotave
1427 1242 1429 1244 '

417 1295 579 1340 Vicerat,
598 1295 769 1333 aesculeae
787 1296 955 1346 capiebat
960 1296 1113 1346 frondis
1132 1296 1300 1335 honorem
1313 1313 1328 1334 :

410 1356 585 1394 Nondum
604 1356 732 1394 lamus
749 1363 841 1395 erat.

149 1455 317 1504 Thesei
363 1458 472 1502 vero
511 1456 798 1522 temporibus
844 1458 944 1507 haec
982 1467 1082 1505 erat
1125 1456 1429 1516 consuetudo,
1464 1465 1518 1504 ut
1550 1455 1750 1505 victores

147 1532 302 1596 palma
326 1541 675 1579 coronarentur.
744 1532 1048 1597 Eurylochus,
1066 1531 1302 1593 debellatis
1322 1531 1557 1591 Cirrhaeis,
1574 1531 1748 1580 consti-

146 1617 237 1663 tuit
257 1615 505 1680 praemium
525 1616 845 1680 pecuniarum.
915 1620 1137 1668 Graecum
1151 1617 1453 1686 Epigtamma
1468 1609 1607 1678 μῆλα
1629 1606 1749 1685 pxae-

147 1693 296 1741 mium
322 1693 460 1740 fuisse
483 1693 660 1741 asserit.
732 1695 847 1744 Haec
871 1695 928 1745 de
951 1695 1124 1758 Pythiis
1147 1711 1294 1758 pauca
1316 1693 1575 1757 praemitto..
1625 1693 1753 1742 Vide

147 1768 206 1815 de
239 1767 310 1814 his
346 1767 564 1816 Natalem
600 1768 853 1816 Comitem.
920 1769 1157 1831 ·Quinque
1195 1768 1384 1836 fuerunt
1415 1777 1572 1833 partes,
1601 1776 1748 1818 certa-

146 1850 302 1907 minis,
340 1858 527 1897 auctore
563 1849 819 1898 Strabone:
871 1842 1154 1913 ἀνάκςουσις,
1189 1849 1460 1913 praeludium
1473 1869 1494 1906 ς,
1533 1838 1752 1913 ἔμπειρα,

137 1936 291 1998 prima
319 1934 628 1995 experientia5
662 1921 1066 1994 κατακελευστμός,
1091 1932 1269 1996 speeies
1299 1918 1514 1997 quaedam
1546 1933 1718 1984 eam-,fis
1735 1953 1755 1988 ;

137 2008 336 2077 Ἴαμβος
381 2007 462 2059 καὶ
507 2008 794 2065 Ao'm‘tvikoffi¹
844 2021 1064 2077 praeterea
1104 2005 1346 2078 σύριγγες,
1384 2015 1548 2079 quibus
1588 2014 1748 2062 bestiae

148 2089 417 2147 deficientis,
458 2099 505 2136 et
541 2089 599 2136 ad
636 2097 841 2135 extrema
874 2087 1011 2137 sibila.
1052 2088 1295 2142 moriendo
1334 2107 1390 2138 se
1424 2089 1745 2148 convertentis,

146 2163 342 2228 languor
364 2163 720 2227 exprimebatur.
782 2162 929 2210 Paulo
943 2162 1076 2210 aliter
1097 2173 1248 2228 partes
1272 2164 1567 2215 constituunt.
1582 2164 1752 2215 Graeca

147 2246 350 2296 Scholia.
421 2246 632 2297 Primam
662 2242 817 2310 πεῖραν
849 2254 1032 2303 vocant,
1066 2248 1158 2310 qua
1190 2246 1448 2310 periculum
1483 2246 1751 2298 certaminis.-

149 2338 258 2368 cum
283 2322 504 2386 Serpente
527 2322 686 2370 fiebat.
746 2329 797 2370 2..
819 2320 1053 2375 Iambum,
1070 2332 1257 2386 propter
1277 2322 1498 2381 convicia,
1516 2339 1618 2386 quae
1639 2331 1751 2371 ante.

148 2404 382 2443 certamen
404 2396 575 2460 Apollo
594 2394 799 2460 pertulit.
871 2403 917 2441 3.
950 2396 1218 2460 Dactylum,
1242 2406 1428 2465 propter
1449 2397 1745 2461 Dionysium,

148 2479 227 2543 qui
271 2479 448 2542 primus
488 2480 690 2528 Oraculo
729 2477 925 2542 praefuit.
996 2488 1044 2525 4.
1080 2470 1291 2543 κριτικὸν,
1331 2490 1519 2545 propter
1562 2482 1744 2528 Jovem.

149 2563 196 2601 5.
230 2556 448 2625 μητρῷον,
485 2571 674 2630 propter
713 2570 912 2611 terram:
958 2561 1095 2624 hujus
1141 2562 1266 2610 enim
1307 2562 1456 2614 fuerat
1490 2549 1747 2611 oraculum.

149 2633 197 2684 6·
231 2632 462 2708 σῦξιγμα,
488 2653 674 2711 propter
698 2642 934 2708 Serpentis
958 2643 1159 2692 sibilum.

1393 2720 1677 2774 BENEch.
