1826 3178
91 218 187 267 260

596 215 912 269 PYTHIA,
963 217 1056 261 On.'
1074 218 1154 261 VI.

774 390 809 422 Σ.
824 387 871 423 σι’.
912 389 956 423 K.
972 385 1019 422 θ’.

382 433 755 519 .ΑΚ(ιΥΣΑΤ”ῐῖ
779 460 874 532 ’γάξ
898 459 1159 529 ἑλικώπιδος
1183 460 1463 534 Ἀφροδίτας

377 541 607 615 ’'Agovgoev'
631 539 656 602 ἢ
685 542 890 614 Χαξῖτῲν
916 539 1268 613 ἀναπολίζομεν,

382 622 639 694 Ὀμφαλὸν
665 623 898 696 ἒξιξξὸμου
922 621 1077 694 χθονὸς

380 710 464 769 Ἐς
490 734 587 762 mov
612 707 968 781 πξοσοιχὸμενοι,
994 706 1250 766 Πυθιόνικος
1306 726 1369 759 ‘J
1396 731 1406 745 τ
1430 739 1432 742 ·
1479 742 1481 744 -

279 806 308 845 5
377 791 499 847 ’Ἔνθ’
525 793 748 847 ὃλζιόισίν
770 792 1075 864 Ἐμμενίδαις

1440 710 1514 729 ,’,Ι’
1582 720 1593 739 l

650 919 799 951 NOTAE
827 919 1124 959 HEYNIANAE3

471 981 697 1013 Imnmsrns
719 980 923 1017 qususnnr
947 981 1322 1013 BENEDICTINIS.

140 1050 203 1083 Est
216 1051 277 1082 hoc
288 1061 419 1082 carmen
429 1050 544 1082 multis
559 1049 804 1081 difficultatibus
815 1050 872 1080 ob-

95 1102 234 1136 septum,
240 1106 312 1137 quae
321 1096 438 1136 partim
447 1106 466 1127 a
475 1106 509 1127 re
520 1092 654 1126 metrica
663 1092 874 1134 proficiscun-

97 1147 162 1179 tur,
184 1141 303 1192 partim
325 1143 365 1172 ab
386 1140 661 1180 interpretatione.
709 1138 809 1175 Quod
834 1137 876 1169 ad

96 1185 192 1216 istam
204 1185 328 1223 attinet,
347 1183 566 1216 desudarunt·
556 1195 591 1215 ιιι
604 1182 653 1221 ea,
664 1190 738 1223 post
751 1182 876 1214 Schmi-

919 1060 968 1087 eo,
993 1035 1080 1093 quod
1103 1050 1217 1080 invitat
1243 1050 1284 1081 ad
1304 1049 1505 1081 audiendum
1529 1051 1691 1091 hymnum

918 1090 1054 1125 laudum
1063 1094 1266 1127 Xenocratis.
1300 1097 1432 1133 Audite,
1443 1085 1560 1136 inquit,
1571 1106 1691 1127 canam

919 1141 1031 1171 laudes
1067 1141 1273 1177 Xenocratis,
1304 1141 1521 1180 Agrigentini,
1564 1142 1693 1172 victoris

909 1185 1073 1225 Pythici:
1101 1194 1158 1223 pro
1172 1187 1262 1216 ludis
1276 1186 1419 1225 Pythicis
1440 1184 1588 1215 nominat
1610 1186 1693 1216 Del-

97 1230 190 1261 dium
205 1235 238 1261 et
249 1230 432 1268 Pauwium,
449 1230 578 1266 Dawes,
592 1228 690 1260 Misc.
705 1227 786 1259 Crit.
800 1238 826 1258 s.
841 1227 875 1258 ii.
914 1231 1014 1269 phos.-
1040 1228 1075 1259 in
1102 1229 1153 1259 his
1174 1228 1260 1260 ludis
1275 1234 1384 1269 parata
1397 1228 1505 1259 fuerat
1518 1231 1692 1261 multorum

97 1284 131 1315 p.
142 1277 197 1312 87,
211 1285 256 1316 sq.
265 1280 298 1306 et
311 1274 501 1316 Mingarell.
540 1274 705 1305 Versuum
719 1272 877 1313 cujusque

98 1320 238 1359 strophae
263 1323 294 1357 2,
317 1325 350 1350 et
372 1323 404 1357 4,
432 1324 574 1350 metrum
596 1318 758 1349 incertum
773 1317 877 1348 aiunt.

101 1363 222 1395 Dawes
232 1363 316 1395 miro
327 1363 479 1395 acumine
489 1363 677 1400 observavit,
688 1362 723 1392 in
734 1362 796 1392 hoc
807 1372 877 1392 car-

98 1408 189 1439 mine
197 1418 309 1439 versus
319 1411 417 1446 2,3,4‚
433 1407 470 1438 in
480 1407 634 1439 omnibus
642 1406 781 1447 strophis
791 1407 879 1437 exire

98 1453 134 1484 in
150 1452 311 1494 syllabam
321 1454 462 1489 brevem,
477 1452 619 1493 reliquos
632 1462 744 1482 versus
766 1461 880 1482 omnes

98 1497 135 1528 in
145 1497 303 1538 syllabam
314 1497 459 1538 longam,
476 1504 591 1536 praeter
602 1501 657 1534 80,
675 1502 708 1526 et
721 1499 761 1526 31
771 1519 778 1527 .
794 1495 882 1536 quod

99 1542 158 1573 ille
182 1552 259 1573 casu
283 1542 407 1575 factum
437 1547 546 1582 negat.
591 1541 751 1572 Ultimum
773 1546 883 1572 tamen

99 1585 213 1618 versus
226 1586 348 1627 ubique
369 1595 439 1616 esse
452 1585 585 1626 longam
602 1596 715 1616 omnes
730 1585 880 1616 credeba-

97 1642 184 1668 mus,
225 1635 258 1662 et
286 1629 408 1662 iterum
434 1635 548 1661 contra
580 1630 699 1660 Dawes
730 1630 875 1660 asseruit.

101 1675 299 1710 Vauvilliers
314 1673 429 1716 (Μέηι.
447 1676 487 1705 de
501 1675 522 1705 l·
535 1675 637 1706 Acad.
651 1677 705 1706 des
720 1676 878 1714 Inscript-

102 1715 238 1752 XLVI.
252 1729 287 1759 p.
302 1721 408 1761 229.).
454 1717 579 1750 Verum
603 1720 682 1756 haec‚
709 1718 816 1748 aliena
837 1719 878 1748 ab

99 1765 163 1796 hoc
189 1769 300 1795 nostro
314 1762 461 1801 consilio,
487 1764 570 1804 (non
585 1763 674 1794 enim
687 1762 879 1803 attingimus

99 1808 165 1840 nisi
174 1819 247 1850 quae
258 1808 434 1844 sententias
441 1808 545 1847 po'etae
556 1808 729 1838 obscurant
730 1805 755 1846 ,)
768 1807 881 1837 futuro

103 1853 240 1885 Pindari
260 1852 377 1884 editori
397 1851 624 1904 relinquenda
624 1857 712 1882 sunt.
760 1851 882 1892 Agitur

99 1908 189 1930 nunc
200 1898 241 1930 de
256 1896 531 1937 interpretatione,
547 1893 692 1937 adeoque
708 1895 748 1926 de
762 1906 797 1926 re
809 1905 878 1926 me-

98 1941 180 1974 trica
191 1940 320 1974 tantum
335 1943 502 1980 hactenus,
518 1947 678 1993 qnatenus
691 1940 750 1971 illa
764 1950 804 1992 ει
818 1941 879 1970 hac

99 1993 175 2028 apta
190 1994 221 2019 et
237 1997 322 2019 nexa
333 1992 391 2017 est.

148 2032 289 2064 Carmen
323 2021 536 2083 Thrasybulo
574 2032 610 2072 (a
653 2027 749 2070 po'e‘ta
786 2027 880 2060 valde

99 2082 207 2108 amato
217 2075 352 2118 juveni.
380 2075 444 2107 vid.
459 2076 518 2106 inf.
538 2075 651 2110 Isthm.
667 2074 718 2105 ΙΙ.
731 2079 764 2104 et
777 2074 877 2104 Scho-

98 2121 200 2152 lion’
189 2132 225 2152 ιιι
253 2122 384 2162 Fragm.
400 2131 433 2161 p.
449 2119 517 2160 16.)
545 2119 700 2160 scriptum
729 2128 799 2149 esse
842 2117 877 2148 in

97 2165 263 2197 victoriam
285 2165 385 2206 patris
405 2165 611 2202 Xenocratis,
640 2164 734 2205 cujus
747 2162 877 2204 quadri-

96 2220 156 2251 gas
180 2210 249 2250 ipse
264 2211 352 2242 filius
366 2216 501 2247 rexerat,
517 2215 706 2250 patremque
721 2207 876 2238 victorem

95 2255 299 2294 pronuntiari
321 2255 473 2296 jusserat,
496 2254 566 2295 jam
582 2259 657 2284 ante
672 2264 691 2283 a
707 2252 799 2283 nobis
817 2253 874 2282 ob-

97 2305 259 2330 servatum
275 2306 353 2330 erat.
401 2299 479 2330 Fuit
494 2298 582 2329 enim
599 2296 794 2329 Xenocratis
809 2296 875 2328 vic-

94 2343 189 2374 toria
194 2343 331 2384 Pythica
345 2350 378 2376 et
389 2343 564 2382 Isthmica;
580 2349 717 2384 utraque
731 2351 751 2371 a
768 2339 873 2372 Simo-

93 2387 172 2419 nide
187 2398 315 2430 quoque
330 2388 472 2420 carmine
487 2387 667 2425 celebrata;
687 2385 750 2417 vid.
766 2385 875 2417 Schol.

94 2431 137 2464 ad
153 2431 269 2465 Isthm.
286 2433 338 2464 ΙΙ.
348 2444 397 2474 pr.
445 2433 585 2464 Initium
614 2431 690 2463 facit
716 2429 811 2471 po'eta
833 2433 873 2462 ab

919 1275 1110 1314 hymnorum
1137 1275 1286 1305 materies
1301 1273 1527 1317 Agrigentinis
1550 1282 1609 1313 per
1626 1274 1693 1306 vic·
1753 1286 1758 1289 ·
1811 1267 1814 1271 ⁴

921 1318 1018 1348 torias
1031 1317 1174 1356 civium,
1164 1330 1173 1338 ·
1207 1319 1291 1349 hanc
1312 1317 1479 1350 mester-iem
1500 1319 1695 1359 hymnorum

921 1362 1064 1402 appellat
1086 1363 1262 1406 &ravenii
1244 1377 1346 1405 υμνυν,
1361 1363 1599 1402 comparatione
1613 1363 1694 1394 81ἱο-

922 1417 995 1438 rum
1010 1409 1245 1446 thesaurorum,
1267 1407 1324 1449 qui
1346 1407 1380 1437 in
1395 1406 1518 1447 templo
1534 1407 1695 1448 Delphico

923 1457 1024 1488 erant,
1032 1452 1074 1483 ad
1088 1452 1243 1484 servanda
1252 1452 1384 1483 donaria
1393 1451 1553 1485 variatum
1564 1453 1697 1484 urbium

927 1507 964 1527 ac
978 1497 1195 1537 populorum:
1219 1497 1260 1528 de
1273 1496 1391 1538 quibus
1404 1495 1510 1527 multa
1526 1497 1614 1537 apud
1626 1497 1700 1529 He-

925 1541 1032 1572 rodot.
1057 1548 1088 1572 et
1106 1542 1248 1573 Pausan.
1272 1546 1503 1573 memorantur.
1548 1541 1626 1574 Jam
1650 1542 1703 1574 his

926 1585 1068 1617 donariis
1081 1592 1234 1626 praestant
1257 1585 1370 1616 laudes
1389 1591 1423 1616 et
1446 1586 1571 1626 hymni,
1597 1587 1701 1633 po'e'tae

920 1630 1040 1663 virtute
1055 1631 1094 1662 ad
1109 1630 1329 1671 posteritatem
1343 1628 1561 1670 perduraturi.

969 1679 1088 1706 1—13.
1111 1677 1297 1713 Attendite,
1289 1685 1392 1716 ·paro
1403 1676 1564 1716 hymnum
1576 1677 1696 1709 unlau-

922 1721 991 1751 dem
1021 1721 1153 1751 victoris
1183 1720 1326 1761 Pythici,
1361 1721 1416 1752 cui
1443 1722 1533 1761 apud
1553 1721 1699 1764 Delphos

916 1770 1054 1804 partum
1066 1770 1113 1796 est
1124 1766 1218 1795 decus
1229 1770 1400 1796 aeternum-
1422 1765 1698 1805 Aga-Musarum

925 1819 945 1838 a
958 1808 1062 1848 po‘etis
1076 1810 1138 1839 coli
1152 1808 1267 1845 dictus,
1291 1818 1342 1839 res
1356 1818 1445 1839 nunc
1463 1814 1542 1840 nota
1563 1816 1623 1842 est.
1649 1811 1693 1843 cf.

927 1852 1025 1883 Nem.
1038 1851 1103 1883 VI.
1115 1856 1171 1884 56.
1188 1852 1235 1884 Χ.
1244 1856 1298 1885 49.
1345 1852 1444 1884 Nunc
1465 1863 1596 1896 quoque
1619 1865 1701 1895 ager

931 1899 1062 1928 Veneris
1077 1902 1111 1928 et
1126 1898 1292 1930 Char-itum
1307 1903 1517 1931 memoratur.
1565 1898 1699 1950 Χέςιπσ

925 1941 1033 1972 Musae
1049 1941 1157 1993 lyricae
1168 1942 1310 1994 poeseos.
1343 1942 1469 1973 Earum
1480 1953 1558 1985 ager
1569 1942 1699 1983 colitur,

924 1986 1004 2016 dum
1019 1986 1113 2025 poeta
1126 1986 1161 2017 in
1172 1986 1331 2025 carmine,
1345 1986 1382 2017 in
1396 1986 1548 2019 laudibus
1557 1987 1697 2027 victoris,

925 2036 973 2061 est
995 2037 1181 2070 occupatus.
1229 2030 1413 2062 Fatendum
1440 2037 1550 2064 tamen
1577 2031 1696 2064 duram

922 2085 991 2105 esse
1006 2074 1144 2106 duorum
1169 2082 1336 2115 troporum
1349 2075 1548 2108 diversorum
1559 2076 1695 2118 junctu-

921 2129 1004 2150 ram:
1046 2119 1127 2150 dum
1166 2120 1313 2160 Delphos
1354 2121 1570 2164 «euax-pum
1597 2132 1696 2155 orare

922 2163 1087 2195 dicuntur.
1131 2165 1270 2209 ἔρίέςομος
1283 2165 1374 2207 xlm,
1400 2165 1525 2197 dictum
1539 2166 1696 2206 putabam

920 2208 1035 2239 eodem
1065 2208 1171 2246 modo,
1197 2220 1264 2251 quo
1280 2208 1426 2242 Ποσειδῶ
1450 2211 1610 2252 innixius,
1626 2212 1696 2243 im-

920 2254 1043 2294 elymas.
1059 2265 1232 2286 concussor
1247 2260 1353 2291 εει-ηε,
1365 2259 1497 2295 propter
1505 2261 1614 2289 motus
1627 2254 1695 2286 sive

921 2308 961 2328 ex
977 2298 1191 2329 subterraneis
1213 2299 1314 2340 aquis,
1340 2299 1407 2330 sive
1430 2304 1590 2341 quatenus
1605 2309 1695 2331 mare

919 2342 1021 2373 ambit
1042 2348 1160 2373 terram
1175 2342 1326 2375 fluctibus
1351 2343 1419 2374 suis
1439 2343 1696 2385 adm-epentibus
1762 2341 1766 2345 ’
1799 2338 1806 2348 ⁴

920 2387 1040 2419 littori:
1066 2393 1106 2418 ut
1119 2388 1339 2430 ἅλίτλιγιης
1354 2391 1443 2429 γαΐα.

518 2522 871 2554 PARAPHRASIS
896 2523 1262 2555 BENEDICTINA.

687 2574 896 2612 STROPHE
915 2574 948 2612 Ι.
970 2577 1086 2614 1-9.
1345 2616 1348 2618 .

146 2633 411 2671 Ara-numm
425 2633 632 2672 auditores.
686 2633 843 2671 Etenim
853 2635 1042 2685 Delphos,
1058 2635 1182 2673 solum
1193 2632 1490 2671 amoenissimum
1503 2638 1543 2671 et
1549 2633 1692 2684 jucun·

92 2692 303 2739 dissimum,
323 2701 456 2731 nostro
471 2694 640 2732 carmine
651 2694 903 2741 celebramus,
917 2702 1051 2733 euntes
1064 2695 1114 2733 ad
1125 2694 1310 2746 templum
1324 2693 1573 2745 Delphicum,
1588 2693 1694 2745 quod

90 2754 188 2793 mari
206 2761 247 2794 et
262 2753 387 2792 fluviis
404 2753 638 2792 horrendum
656 2754 861 2805 strepentis
874 2755 975 2793 orbis
989 2763 1176 2793 terrarum
1187 2761 1246 2792 est
1258 2753 1440 2800 medium,
1456 2752 1589 2805 (sicuti
1601 2761 1694 2792 con-

86 2817 238 2866 jectum
256 2821 315 2854 est
333 2827 385 2854 ex
403 2827 464 2862 ec,
485 2815 590 2866 quod
616 2813 755 2866 aquilae
781 2814 880 2860 duae,
910 2828 933 2853 a
959 2816 1059 2854 Jove
1077 2815 1159 2867 pari
1177 2814 1308 2853 volatu
1325 2814 1486 2861 emissae,
1506 2814 1627 2853 altera
1642 2815 1692 2854 ab

90 2875 251 2925 oriente,
266 2875 388 2915 altera
405 2876 453 2916 ab
474 2875 692 2922 occidente,
704 2875 783 2913 huc
802 2877 1111 2926 concurrerunt,)
1132 2875 1198 2914 ubi
1211 2882 1251 2914 et
1263 2874 1441 2914 felicibus
1453 2873 1692 2916 Emmenidoe
