1826 3178
198 158 294 205 454
679 152 767 195 DE
800 153 989 198 LUDIS
1020 151 1317 199 isTHMIIS.

198 254 367 316 bantur
406 268 461 298 eo
507 260 734 315 tempore,
771 251 1009 299 initiorum
1051 253 1206 317 potius
1242 255 1381 317 quam
1422 256 1788 318 spectaculorum

198 327 399 391 speciem
442 342 536 390 prae
577 343 626 376 se
661 325 873 373 ferentes.
944 326 1038 374 Sed
1073 328 1183 375 cum
1217 328 1295 375 illo
1334 328 1560 392 imprimis
1597 330 1791 377 Graeciae

197 411 245 458 in
267 420 418 458 tractu
439 419 763 474 grassarentun
776 410 992 464 latrones,
1020 410 1213 473 Scyron,
1249 410 1508 476 Sinnisque,
1531 412 1610 476 qui
1631 429 1787 459 πιτυο-

198 487 416 556 κάμπτης
461 491 725 544 vocabatur,
761 499 898 554 atque
935 489 1041 536 ideo
1081 490 1190 537 hinc
1234 491 1464 555 peregrini
1509 502 1789 551 arcerentur,

198 566 465 631 aliquandiu
497 565 761 613 intermissa
779 575 917 613 sunt
941 565 1042 612 haec
1077 566 1365 622 certamina;
1401 566 1549 614 donec
1581 567 1790 615 Theseus

199 642 387 691 sublatis
425 640 512 687 illis
552 657 606 687 ea
640 639 887 694 renovavit,
923 649 971 687 et
1006 657 1064 687 ex
1104 641 1343 689 nocturnis
1377 641 1542 689 diurna
1571 641 1709 698 fecit;
1745 651 1792 689 et

196 717 457 765 imitatione
494 715 725 773 Herculis,
763 715 842 779 qui
877 715 1096 779 Olympia
1129 716 1235 764 Jovi
1270 719 1574 776 consecrarat,
1600 717 1795 765 Isthmia

199 793 421 856 Neptuno
476 790 717 838 dedicavit.
805 791 924 843 Quae
977 789 1166 852 quidem
1211 791 1372 854 quinto
1430 809 1614 856 quoque
1669 808 1793 838 anno

200 869 562 934 celebrabantur,
594 866 632 911 si
671 864 956 912 credendum
997 865 1146 912 Plinio
1186 865 1267 913 lib.
1293 867 1379 914 IV.
1414 884 1455 914 c.
1490 866 1682 930 quinto:
1719 866 1794 913 cui

200 942 446 992 assentitur
486 941 689 998 SolinuS,
725 957 766 987 c.
798 949 872 986 12.
955 938 1049 986 Sed
1089 940 1180 988 fide
1215 941 1397 1005 dignior
1437 950 1509 988 est
1554 940 1796 999 Pindarus,

199 1018 278 1083 qui
314 1018 455 1065 Nem.
482 1016 571 1064 VI.
608 1016 696 1079 Ep.
730 1024 778 1061 2.
815 1013 953 1061 docet
997 1015 1135 1062 tertio
1181 1032 1366 1080 quoque
1410 1032 1533 1063 anno
1578 1014 1796 1062 celebrari

198 1101 347 1159 solita,
381 1116 527 1163 quum
564 1098 629 1145 ait
667 1097 701 1121 “
729 1086 978 1161 ταυξοφὸνῳ
1020 1089 1257 1162 τξιετηξίδι
1299 1089 1471 1160 τίμασε
1510 1088 1805 1150 Ποσειδάνιον,

200 1177 266 1229 ἀν’
294 1172 527 1246 τέμενος.”
607 1180 763 1233 Quam
809 1176 1085 1224 sententiam
1127 1178 1334 1241 sequitur
1373 1178 1530 1226 Schol.
1567 1177 1795 1241 inquiens,

204 1265 240 1287 “
268 1257 330 1309 τοὶ
348 1255 543 1327 Ἴσθμια
569 1254 647 1307 διὰ
672 1251 942 1324 τξιετηξίὸος
969 1249 1201 1317 ἅγεται.”
1274 1261 1525 1308 Praemium
1539 1260 1701 1308 victori
1716 1259 1798 1307 da-

198 1349 334 1396 batur
355 1345 516 1402 Pz'mcs,
532 1343 656 1390 unde
671 1332 922 1386 πιτυονίκαι
938 1339 1208 1389 dicebantur
1219 1342 1361 1390 iidem
1375 1343 1453 1407 qui
1466 1333 1761 1405 ’Io-Hpuovc'xoec
1779 1353 1793 1385 ε

202 1421 318 1470 ratio
365 1429 449 1474 est,
488 1418 596 1482 quia
633 1416 810 1464 marina
850 1424 919 1463 est
953 1416 1103 1475 arbor,
1140 1418 1280 1464 maris
1310 1417 1453 1465 instar
1491 1415 1794 1480 infrugifera;

200 1511 249 1551 et
269 1501 378 1566 quia
410 1490 708 1562 καταχθόνιον
747 1488 797 1542 ‘to
837 1487 970 1556 φυᾷ-ὂν
999 1504 1112 1542 erat.
1180 1491 1488 1547 Verisimilius
1523 1508 1682 1547 tamen
1726 1506 1797 1545 est

203 1598 425 1632 coronam
461 1581 648 1644 pineam
687 1578 850 1626 victori
890 1578 1065 1636 datam,
1108 1578 1158 1624 in
1191 1579 1468 1628 memoriam
1505 1579 1611 1628 caesi
1643 1584 1794 1625 πιτυο-

201 1661 441 1729 κάμπτου.
519 1667 702 1722 Postea,
737 1654 903 1708 σέλινον
943 1653 1065 1726 ξηςδν
1109 1662 1211 1709 loco
1247 1663 1384 1726 pinus
1423 1663 1584 1710 datum
1619 1671 1704 1721 est,
1743 1671 1796 1709 ut

203 1756 366 1795 contra
405 1744 704 1793 Nemeonicis
738 1734 912 1806 χλωξόν
950 1734 1132 1788 σέλινον.
1210 1743 1347 1790 Ratio
1386 1740 1654 1790 mutationis
1693 1741 1795 1788 haec

203 1822 306 1880 fuit,
346 1821 453 1885 quia
483 1820 655 1881 Apium
688 1818 898 1881 aquatica
932 1827 1004 1864 est
1035 1818 1206 1881 planta,
1242 1817 1463 1880 Neptuno
1501 1815 1793 1871 conveniens,

201 1897 311 1962 quia
345 1895 487 1943 etiam
523 1893 688 1946 feralis,
726 1893 907 1940 funebri
944 1893 1200 1940 Melicertae
1245 1891 1485 1940 certamini
1529 1890 1793 1950 inserviens,

202 1988 307 2037 quae
344 1969 558 2017 feralibus
593 1968 738 2031 epulis
774 1968 1075 2015 adhibebatur
1109 1977 1157 2015 et
1191 1967 1458 2031 sepulchris.
1527 1965 1794 2014 Istiusmodi

201 2063 373 2096 corona
410 2061 556 2108 usque
596 2043 655 2091 ad
698 2043 882 2090 Pindari
917 2054 1142 2107 tempora,
1178 2051 1225 2090 et
1262 2042 1399 2100 ultra,
1433 2041 1619 2089 mansit.
1701 2040 1795 2088 Sed

201 2122 409 2179 tandem,
452 2129 506 2166 ut
549 2118 706 2166 scribit
751 2119 1039 2177 Plutarchus,
1088 2119 1241 2166 denuo
1286 2126 1467 2181 recepta
1512 2125 1582 2165 est
1642 2116 1794 2180 pinus.

204 2195 374 2244 Omnis
411 2194 592 2258 generis
639 2194 891 2241 certamina
930 2195 978 2241 in
1026 2193 1230 2242 Isthmiis
1270 2192 1436 2240 usitata
1458 2191 1601 2246 fuere,
1648 2200 1702 2238 ut
1743 2190 1819 2240 in.

200 2270 445 2334 Olympiis,
472 2269 661 2332 Pythiis,
686 2278 732 2315 et
758 2269 964 2316 Nemeis.
1036 2268 1337 2317 Isthmiorum
1361 2266 1576 2331 praesides
1599 2264 1790 2312 fuerunt

200 2344 444 2402 Corinthii,
461 2354 513 2391 ut
528 2361 585 2391 ex
602 2344 831 2391 Strabone
845 2344 1059 2408 colligere
1078 2354 1162 2398 est,
1181 2344 1258 2408 qui
1277 2342 1394 2390 libro
1419 2350 1581 2389 octavo
1598 2339 1708 2387 dicit
1731 2339 1788 2386 de

201 2426 328 2491 ipsis,
338 2417 593 2471 συνετέλουν
608 2416 678 2470 τὸν
694 2421 878 2484 ἀγῶναε
900 2436 946 2472 et
961 2425 1250 2473 exPausania
1262 2424 1310 2471 in
1322 2424 1395 2471 El.
1413 2440 1482 2487 pr.
1506 2424 1538 2445 “
1553 2413 1796 2483 Ἰσθμικὰς

203 2500 395 2560 σπονδὰς
421 2499 757 2567 ἐπῆγγειλαν.”
830 2507 923 2554 Sed
946 2506 1128 2570 quando
1152 2523 1179 2553 a
1201 2506 1256 2553 L.
1282 2503 1519 2552 Mummio
1544 2503 1793 2552 Corinthus

136 2632 139 2637 ,
204 2592 467 2648 expugnata
480 2583 583 2641 fuit,
599 2583 872 2630 translatum
893 2592 963 2629 est
985 2582 1043 2628 ad
1062 2580 1298 2645 Sicyonios
1312 2580 1402 2627 hoc
1419 2578 1640 2626 officium.
1698 2577 1792 2624 Sed

205 2674 332 2716 mox,
349 2657 557 2705 restituta
576 2658 818 2715 Corintho,
844 2656 1047 2703 redditus
1068 2665 1137 2703 est
1157 2654 1409 2703 Corinthiis
1423 2653 1498 2700 hic
1518 2654 1682 2710 honos,
1699 2666 1792 2716 quo

205 2732 341 2798 potiti
365 2741 472 2780 sunt
492 2731 713 2797 quamdiu
737 2732 786 2779 hi
808 2731 905 2778 ludi
930 2739 1170 2779 steterunt.
1439 2730 1726 2777 BENEmc'r.
