1826 3178
145 204 237 258 140
654 199 695 241 O
709 199 748 243 L
762 199 807 242 Y
819 200 871 243 M
885 200 935 244 P.
998 201 1088 245 On.
1107 202 1241 246 XIII.

42 303 53 322 0
79 298 103 371 ¹s
124 310 141 325 η
162 311 173 319 »
196 312 200 320 1
229 295 264 311 ‘⁶
513 310 602 363 φαν
627 295 772 362 ξιτῖσιν
799 297 869 363 γ’.
950 295 979 358 ἦ
1003 321 1070 351 τοι
1096 301 1177 353 καὶ
1206 299 1229 353 ὖ
1253 324 1365 374 notg-

512 376 635 451 τεξός
661 378 872 459 §gauium
897 377 1063 434 ἕλαξεν

259 475 358 515 120
433 463 822 536 Βελλεροφόντας,
845 466 1093 538 φοίξμακον

433 545 574 618 Hp&
600 545 884 617 τείνων’ἆιμφὶ
908 545 1032 614 γόνυ,

798 713 842 747 Ε,
860 706 900 745 δ’.
949 713 991 745 Κ.
1015 706 1073 745 ια’.

427 783 584 836 Ἵππον
609 783 842 857 πτερόεντ’.
910 785 1094 844 α’ναξοὶς

437 868 502 917 Δ’
529 865 651 925 εὐθὺς
675 865 863 919 ἐνόπλια·
883 868 1143 938 χαλκωθεὶς
1170 866 1368 942 ἔπαιζεν.
1467 898 1476 915 ³
1508 896 1525 921 ν
1546 890 1616 921 =-<·1‘
1665 903 1677 918 f

438 947 527 1002 Σῦν
555 947 595 1000 δ’
625 946 771 1019 ἐκείνᾳ)
798 950 885 1002 καί
906 950 1008 1002 ποτ’
1033 951 1262 1023 Ἀμαζονῖ
1288 976 1338 1003 ων
1450 949 1563 1009 (mss

259 1042 353 1083 125
433 1028 617 1103 Αἷθέξος
641 1028 841 1103 ψὐχξᾶς
869 1029 962 1084 οἱπό
989 1031 1098 1084 κόλ-

505 1135 588 1165 πων
615 1113 778 1184 ἒξῆμου
805 1113 992 1175 τοξόταν
1017 1114 1150 1177 βοίλ-

509 1208 594 1248 λων
617 1200 868 1262 γυναικεῖον
895 1193 1105 1268 στρατὸν,

431 1279 527 1332 Καὶ
557 1279 796 1353 Χίμαιξαν
822 1281 908 1352 arsag
933 1278 1155 1342 πνέοιααν,

432 1361 529 1414 Καὶ
559 1362 799 1433 Σολύμους
827 1360 1021 1429 ἐ’πεφνεν.

256 1454 353 1495 130
431 1444 805 1515 Διασιγοίσομαι
832 1445 959 1513 αὐτῷ
983 1443 1134 1516 μόξον.

187 1634 281 1677 [125.
305 1636 443 1678 ψυχρᾶς,
458 1635 519 1666 &c.
551 1634 604 1666 Sic
619 1634 836 1667 construenda
850 1636 920 1667 haec
965 1634 1184 1672 contenderet,
1210 1634 1322 1666 innuit
1346 1634 1441 1672 infra,
1459 1634 1578 1667 Isthm.
1591 1635 1679 1670 vn.
1694 1639 1749 1669 68.

139 1682 244 1717 verba,
260 1680 322 1712 aza-3
336 1680 456 1712 κῦλπων
470 1679 575 1723 αἰθέρος
594 1682 722 1724 ψυχρᾶς
739 1681 792 1711 καὶ
807 1680 918 1723 ίρνΐμου.
965 1691 1010 1722 sq.
1049 1679 1122 1711 add.
1138 1680 1255 1710 Horat.
1275 1679 1342 1710 IV.
1361 1683 1374 1710 1
1384 1683 1414 1711 l.
1426 1683 1481 1712 26.
1526 1681 1575 1712 At
1602 1681 1750 1724 Pegasus

141 1724 241 1756 Sinus
276 1724 403 1755 aetheris
425 1724 642 1764 metaphorice
672 1724 754 1755 dixit
786 1725 828 1756 τὰ
858 1739 918 1756 κω·
964 1730 1113 1765 receptus
1134 1724 1168 1755 in
1195 1723 1395 1765 Olympum:
1434 1724 1533 1756 etiam
1551 1726 1690 1759 Hesiod.
1703 1727 1750 1758 Θ.

137 1769 293 1811 λύμας-ας
317 1767 474 1810 frigidum
502 1769 620 1805 a'elrem,
651 1770 692 1800 ob
719 1768 792 1800 coeli
818 1768 921 1800 incle-
967 1773 1042 1806 284,
1056 1780 1103 1811 sq.
1142 1768 1200 1800 ubi
1230 1769 1329 1799 etiam
1359 1769 1452 1801 Jovis
1481 1770 1625 1802 fulmina
1652 1771 1749 1813 gerit.

137 1813 296 1845 mentium
307 1814 368 1844 sub
380 1823 446 1854 quo
460 1813 574 1844 vivunt
589 1814 784 1844 Amazones.
831 1812 921 1843 Nam
968 1814 1087 1855 Itaque
1099 1815 1133 1845 h.
1142 1814 1167 1844 1.
1176 1824 1320 1853 proesepe
1344 1815 1414 1855 ejus
1428 1815 1464 1844 in
1483 1814 1637 1856 Olympo.
1681 1826 1750 1847 non

136 1857 367 1900 frigidissimos
381 1863 503 1889 tractus
529 1857 569 1888 ad
592 1858 734 1894 boream,
759 1862 792 1887 et
807 1856 922 1887 solitu·
968 1858 1009 1889 de
1024 1858 1129 1889 sidere
1159 1857 1393 1899 cogitandum3
1417 1859 1504 1900 quod
1531 1865 1580 1890 est
1606 1870 1750 1900 praesepe

137 1902 231 1934 dines
263 1902 438 1943 scythicas,
468 1907 660 1943 montesque
692 1902 924 1942 Hyperboreos
970 1904 1152 1935 Asellorum
1160 1903 1257 1944 juxta
1268 1902 1448 1940 Cancrum:
1470 1904 1564 1935 Ant.
1577 1904 1750 1943 Diss.160,

136 1946 297 1979 flexuosos
311 1947 530 1979 incoluerunt.
586 1946 690 1990 Bm]
965 1958 1012 1989 sq.
1060 1946 1141 1979 Alia
1166 1947 1352 1979 narratione
1382 1947 1468 1979 inter
1496 1947 1605 1980 sidera
1629 1949 1751 1981 relatus

185 1995 261 2023 130.
279 1991 391 2023 Etiam
399 1991 568 2024 Homerus
578 1991 737 2023 reticescit
745 1990 921 2022 novissima
967 1995 1108 2033 Pegasus
1116 2008 1129 2030 ,-
1171 1992 1264 2024 Arat.
1292 1995 1370 2031 205,
1382 2003 1428 2035 sq.
1468 1992 1636 2026 Eratosth.
1649 2005 1680 2026 c.
1696 1998 1749 2028 18.

136 2035 400 2077 Bellerophontis
414 2037 495 2078 fata,
514 2037 555 2069 Il.
567 2038 605 2068 Ζ.
617 2041 691 2073 200,
709 2046 775 2077 seq.
792 2036 920 2076 Pegaso
967 2037 1097 2080 Hygin.
1112 2036 1150 2072 P.
1166 2036 1211 2070 A.
1229 2036 1279 2069 ΙΙ.
1296 2041 1347 2070 18.

134 2091 310 2115 excussum
326 2082 627 2124 Bellerophontem,
651 2091 728 2113 cum
750 2080 786 2111 in
801 2080 920 2112 coelum

131 2239 288 2291 adjutus
316 2250 390 2290 ope
416 2237 555 2285 divina,
585 2238 847 2290 Bellerophon
875 2235 1021 2288 exegit.
1078 2238 1142 2276 Ac
1161 2237 1268 2284 sane,
1295 2236 1400 2288 quod
1427 2236 1512 2288 quis
1534 2239 1683 2289 juraret
1709 2246 1750 2278 et

132 2301 355 2352 desperaret
366 2299 449 2338 fieri
462 2313 589 2352 posse,
602 2299 656 2347 id,
673 2299 810 2338 divinae
821 2298 1006 2351 potentiae
1020 2299 1179 2346 auxilio,
1194 2298 1377 2338 facillime
1390 2298 1602 2351 perficitur.
1615 2301 1747 2342 Quare

128 2359 240 2399 fortis
261 2360 526 2412 Bellerophon
552 2360 670 2399 alacri
697 2360 824 2399 animo
852 2360 996 2399 alatum
1025 2373 1169 2411 equum
1195 2359 1415 2412 prehendit,
1443 2366 1484 2398 et
1509 2360 1742 2400 mandibulis

128 2420 295 2459 inditum
306 2421 363 2460 ori
373 2421 536 2460 fraenum
549 2421 840 2474 circumposuit,
855 2421 1010 2473 hocque
1021 2420 1291 2469 instrumento,
1307 2428 1490 2472 tanquam
1505 2420 1743 2473 mitigatorio

128 2481 351 2534 pharmaco,
370 2481 556 2522 ferociam
573 2482 675 2521 illius
695 2481 950 2534 compescuit.

693 2565 829 2603 Epon.
849 2564 921 2602 IV.
955 2567 1177 2604 122—132.

182 2630 272 2673 Quo
287 2632 513 2675 conscenso,
533 2627 649 2668 aeneis
662 2627 777 2667 armis
795 2628 956 2667 indutus
970 2641 1054 2667 sese
1067 2626 1258 2674 exercuit,
1274 2634 1318 2665 ut
1332 2625 1574 2678 experiretur
1587 2638 1679 2664 num
1692 2639 1744 2664 ex

130 2702 179 2729 eo
204 2696 374 2728 armatus
401 2688 517 2727 facile
544 2696 751 2741 pugnaret.
805 2690 948 2728 Postea
976 2703 1065 2728 cum
1086 2702 1135 2728 eo
1153 2688 1248 2727 vicit
1274 2686 1502 2727 muliebrem
1528 2693 1569 2734 et
1595 2686 1744 2738 sagittis

129 2750 323 2795 valentem
342 2748 558 2789 exercitum
578 2750 838 2796 Amazonum,
860 2763 946 2801 quae
964 2749 1145 2802 frigidam
1167 2748 1380 2802 Scythiam,
1411 2747 1684 2799 desertumque
1703 2757 1744 2788 et

127 2824 294 2852 vacuum
320 2811 541 2851 volucribus
571 2812 715 2851 coelum
742 2811 932 2858 incolunt,
951 2812 1181 2850 Chimaeram
1208 2823 1378 2862 quoque,
1397 2809 1570 2852 flammas
1596 2808 1755 2861 spirans¹

127 2881 355 2923 monstrum,
371 2873 639 2926 Solymosque‚
655 2872 756 2913 inter
766 2872 933 2926 Lyciam
946 2872 1278 2926 Pamphiliamque
1289 2869 1522 2918 habitantes,
1535 2869 1740 2910 interemit.
