1826 3178
111 1756 122 1763 ·
162 1743 447 1780 Emmenidarum,

733 386 740 404 1

848 453 884 487 Σ.
899 446 946 486 α’.

700 178 742 219 O
757 177 796 221 L
810 177 856 220 Y
869 178 920 223 M
933 179 985 223 P.
1055 180 1142 223 OD.
1165 180 1246 224 III.

988 452 1031 485 K.
1047 447 1094 486 θ’.

453 503 823 587 ΤΥΝΔΑΡΙΔΑῙΣ
851 556 899 585 τε
926 533 1186 599 φιλοξείνοις
1208 535 1347 597 ἁδεῖν,

455 614 853 683 Καλλιπλοκάμῳ
879 615 927 666 θ’
944 613 1130 683 Ἑλένᾳ,
1375 610 1385 618 “

453 694 647 746 Κλεινοὶν
672 694 988 766 Ἀκράγαντα
1015 697 1245 769 γεραίρων,
1274 695 1494 769 εὔχομαι,

457 775 654 847 Θῆξωνος
681 775 1005 846 ὄλυμπιονῖκαν

352 868 380 908 5
449 854 625 926 ”Υμνον
653 856 881 928 ὄξθῶσαις,
909 859 1295 930 ἀκαμαντοπόδων

444 935 612 990 Ἴσι-’πων
637 936 794 991 οἵωτον.

717 1071 866 1133 NoTAE
892 1101 1201 1140 HEYNIANAE;

538 1161 765 1193 Inunosms
782 1162 987 1199 Qumusmm
1006 1161 1382 1195 BENEDICTINIS.

211 1253 410 1294 Inscriptum
432 1262 562 1284 carmen
595 1264 616 1285 a
646 1254 864 1294 grammaticis
897 1257 939 1297 va}

165 1300 246 1341 αὐτῷ
263 1300 375 1342 Θήρων
391 1299 428 1333 εἷς
447 1298 593 1337 Θεοξίνια.
640 1298 800 1338 Supplent
811 1299 939 1331 Scholia

164 1344 283 1376 saionem:
323 1342 443 1374 eisdem
477 1349 584 1373 totum
620 1343 695 1380 hoc,
732 1349 821 1383 puto,
846 1354 936 1375 com-

162 1394 313 1420 mentum
335 1387 377 1418 de
409 1387 605 1419 Theoxean
619 1398 639 1418 a
656 1387 826 1419 Dioscuris
847 1389 941 1419 insti-

163 1433 243 1464 tutis
257 1433 404 1469 debetur,
416 1431 556 1472 petitum
571 1442 610 1462 ex
626 1442 688 1463 vss.
704 1442 752 1471 pr.
768 1438 801 1463 et
817 1435 870 1469 71,
884 1436 951 1465 72.»

161 1477 215 1509 his
251 1476 384 1519 quidem
415 1475 501 1507 male
532 1476 725 1507 intellectis:
766 1477 858 1518 quasi
897 1477 939 1508 de

160 1522 302 1554 adventu
338 1521 474 1552 deorum
511 1526 653 1561 agerent.
716 1521 869 1552 Dioscuri
906 1529 939 1552 et

164 1565 298 1598 Helena
318 1565 439 1601 heroiis,
456 1570 493 1595 ut
507 1564 655 1604 pluribus
669 1564 758 1602 locis,
774 1565 938 1605 praecipuo

159 1610 269 1652 aliquo
283 1609 376 1641 cultu
397 1610 498 1641 habiti
513 1620 581 1640 esse
595 1609 734 1641 debuere
752 1610 936 1651 Agrigenti,

161 1656 319 1698 (hocque‘
338 1654 409 1695 jam
449 1654 655 1685 Aristarchus
691 1661 862 1686 monuerat
898 1655 933 1686 in

165 1698 284 1739 Schol.)
301 1699 385 1730 forte
399 1709 419 1729 a
433 1704 531 1740 gente
548 1697 718 1734 Theronis,
741 1705 798 1730 aut
813 1710 832 1730 a
846 1699 933 1730 tribu

484 1744 552 1785 (68,
569 1742 640 1783 69.)
679 1753 760 1784 quos
800 1750 832 1775 et
870 1744 931 1775 inf.

161 1788 223 1830 Py.
248 1789 311 1820 VI.
326 1791 360 1821 5.
397 1794 566 1825 memorat,
601 1798 641 1818 ex
671 1787 749 1829 qua.
765 1788 822 1819 ille
860 1789 933 1825 fuit.

160 1833 332 1884 Traducta,
356 1838 394 1864 ut
415 1832 579 1872 probabile
602 1829 646 1868 fit,
669 1833 785 1874 religio
810 1833 932 1876 Argis;

157 1877 212 1909 hic
248 1878 339 1910 enim
379 1877 549 1908 Castorum
583 1877 648 1908 fuit
684 1878 819 1918 religio·
861 1879 926 1909 vid.

158 1922 305 1954 Pausan.
320 1922 373 1954 11.
387 1925 440 1953 22.
467 1933 499 1962 p.
512 1926 586 1954 161.
639 1921 705 1952 His
730 1923 839 1963 itaque
865 1923 927 1954 diis

158 1977 289 1998 carmen
298 1966 426 2007 probari
436 1966 535 2007 cupit,
546 1973 584 1998 ut
598 1966 675 1997 alibi
685 1966 756 1997 aliis
771 1967 833 1998 diis
844 1974 930 1999 tute·

154 2011 281 2054 laribus
294 2011 427 2043 urbium
437 2021 475 2042 ac
485 2011 683 2051 praesidibus.
719 2011 822 2042 Haud
833 2012 931 2044 dubie

155 2056 312 2096 scriptum
336 2061 384 2087 est
409 2066 540 2087 carmen
567 2056 603 2087 in
626 2056 793 2087 victoriam
812 2057 928 2098 Olym-

155 2100 271 2140 picam,
310 2100 488 2132 eandemne
526 2111 603 2131 cum
653 2101 759 2140 priore
794 2101 853 2132 illa
891 2113 933 2133 an

156 2145 318 2176 diversam
341 2145 413 2187 quis
434 2144 574 2176 dixerit?
612 2145 689 2176 Jam
706 2151 815 2176 autem
832 2146 933 2178 iidem

157 2190 311 2221 Dioscuri
325 2190 410 2221 inter
421 2189 572 2229 praesides
583 2190 796 2221 certaminum
814 2190 931 2231 Olym-

153 2234 302 2274 picorum
316 2241 408 2266 erant
431 2245 460 2266 v.
479 2238 533 2266 64.
579 2234 702 2266 Iisdem
733 2235 831 2266 etiam
861 2236 932 2267 vult

86 2306 97 2314 ,
153 2279 248 2319 poeta
282 2290 412 2310 carmen
446 2289 543 2310 suum
578 2279 661 2315 ἁδεῖν,
695 2279 831 2319 probari.
880 2280 932 2312 Τὰ

156 2323 292 2363 Θεοξένια
300 2334 431 2364 prorsus
442 2330 519 2355 sunt
527 2324 633 2355 aliena
643 2325 684 2355 ab
695 2325 757 2355 hoc
765 2324 928 2363 carmine3

150 2374 231 2400 sunt
256 2368 345 2400 enim
366 2379 406 2400 ea
427 2378 526 2407 sacra,
548 2369 666 2411 quibus
698 2368 746 2400 dii
775 2369 930 2410 hospites,

983 1254 1059 1294 ξίνοι,
1090 1254 1200 1285 adesse
1230 1254 1291 1286 visi
1322 1252 1426 1296 (unde
1455 1251 1533 1285 dicti
1547 1251 1672 1295 ξενικοὶ),
1695 1260 1753 1286 aut

983 1299 1126 1336 omnino,
1150 1305 1206 1330 aut
1227 1299 1307 1339 certi
1321 1298 1389 1338 dii;
1413 1302 1452 1329 ut
1468 1299 1590 1339 Apollo
1611 1305 1645 1330 et
1661 1299 1752 1330 Mer-

981 1344 1092 1375 curius
1132 1343 1285 1380 Pallenae,
1317 1344 1406 1375 unde
1442 1342 1563 1383 Apollo
1596 1344 1749 1383 θιοξίηοςι

986 1388 1127 1419 Pausan.
1144 1388 1175 1419 V
1179 1389 1228 1420 II.
1242 1391 1293 1422 27.
1323 1388 1429 1420 Erant
1439 1388 1574 1428 Θεοξένια
1588 1388 1726 1429 Delphis
1739 1401 1748 1420 ε

983 1439 1021 1462 ut
1047 1443 1086 1464 ex
1106 1433 1227 1463 Athen.
1244 1433 1313 1464 IX.
1336 1444 1368 1472 p.
1379 1435 1457 1465 372.
1483 1433 1525 1464 A.
1543 1439 1642 1473 patet,
1655 1438 1687 1464 et
1707 1433 1754 1464 sic

982 1476 1059 1507 alibi
1080 1476 1154 1507 alia.
1200 1478 1347 1516 Φιλόξιηι
1368 1483 1476 1508 autem
1495 1483 1572 1508 sunt
1589 1477 1752 1514 Dioscuri,

982 1531 1049 1551 non
1074 1527 1204 1561 propter
1227 1523 1269 1553 τὰ
1297 1522 1442 1561 Θεοξένια,
1468 1522 1523 1552 sed
1538 1522 1615 1563 quia
1629 1523 1753 1565 cudent

981 1573 1057 1596 sunt
1071 1565 1242 1596 hominum
1265 1566 1301 1596 in
1323 1565 1508 1597 discrimine
1530 1567 1749 1606 versantiumt

980 1610 1067 1650 quod
1085 1610 1260 1642 Simonidis
1283 1611 1431 1650 exemplo
1456 1617 1589 1648 constat,
1604 1610 1753 1651 inprimis

976 1661 1085 1685 tamen
1102 1654 1335 1696 navigantium.
1358 1655 1493 1686 Theocr.
1504 1656 1635 1688 XXII.
1652 1660 1752 1688 6—9.

977 1705 1010 1730 et
1022 1703 1076 1730 23.
1099 1700 1126 1731 ὅ
1134 1700 1224 1740 ἄμφω
1238 1701 1372 1732 θνατοῖσι
1381 1700 1508 1737 βοηὸὅοι,
1519 1699 1546 1731 ὅ
1557 1701 1637 1741 φίλοι
1647 1701 1751 1742 ‘ppu-

1020 1748 1120 1775 4—6.
1167 1743 1229 1774 Est
1253 1744 1398 1783 impediti
1422 1744 1545 1785 aliquid
1558 1745 1595 1776 in
1613 1744 1666 1776 his
1679 1755 1750 1777 ver-

979 1788 1086 1820 sibus:
1116 1789 1218 1830 Oneon
1207 1803 1258 1824 νος
1271 1789 1482 1831 ὄλνμτιοιῖκαν
1504 1789 1588 1829 ὕμνον
1609 1792 1750 1831 ἀειμν-

979 1846 1053 1865 ‘roaeo
1044 1833 1105 1865 Bm
1136 1834 1235 1865 ἵππων
1269 1834 1362 1866 ἄατον
1393 1834 1523 1877 {esame
1547 1834 1620 1873 (seu
1642 1835 1750 1867 verius

971 1876 1138 1921 ὂρθωσαις).
1186 1878 1293 1909 Sensit
1306 1888 1435 1920 quoque
1450 1878 1678 1920 Mingarellus,
1692 1879 1751 1921 qui

972 1923 1069 1965 &2903
1026 1937 1069 1954 ον
1104 1923 1158 1963 ῧμν
1160 1936 1186 1954 ον
1207 1928 1294 1954 recte
1315 1923 1380 1954 dici
1403 1929 1522 1964 negat;
1560 1924 1588 1966 ig
1588 1925 1657 1955 θοῦν
1679 1934 1751 1956 esse

976 1969 1122 1998 extollere
1147 1969 1310 1999 laudibus.
1355 1967 1471 1999 Isthm.
1487 1968 1514 1998 1.
1533 1972 1588 2000 64.
1612 1968 1677 1999 IV.
1690 1972 1748 2008 65.

979 2011 1037 2052 Py.
1050 2012 1113 2042 IV.
1132 2016 1207 2043 106.
1232 2013 1312 2054 (quo
1338 2011 1362 2042 l.
1384 2018 1433 2043 est
1453 2013 1646 2055 confirmare
1674 2015 1749 2046 ani-

974 2054 1090 2096 mum.)
1132 2057 1179 2087 At
1196 2056 1251 2088 Ol.
1270 2056 1355 2088 VII.
1372 2060 1429 2088 88.
1444 2062 1493 2087 est
1507 2057 1630 2102 διορθοῦν
1650 2058 1750 2099 λέγοι,
1797 2081 1803 2088 ,

976 2102 1114 2138 laudem,
1131 2100 1220 2132 idem
1244 2101 1331 2142 quod
1343 2101 1474 2144 3390?st
1457 2115 1550 2142 νμιοο.
1596 2101 1746 2134 Ductum

976 2151 1055 2185 puta
1092 2155 1111 2175 a
1148 2151 1362 2176 monumento
1398 2145 1451 2176 vel
1485 2144 1611 2184 statuu5
1650 2147 1748 2190 ὄρθου·

977 2191 1098 2225 στήλην.
1146 2190 1285 2221 Gravius
1299 2196 1358 2229 est,
1378 2190 1479 2222 ‘Ia-«nr
1492 2190 1586 2222 ιῖιοτοο
1596 2200 1665 2222 esse
1680 2202 1747 2223 non

975 2244 1068 2274 posse
1081 2234 1142 2265 nisi
1153 2241 1348 2275 praestantes
1362 2246 1470 2276 equas.
1495 2234 1656 2276 corrigit'
1646 2236 1749 2277 igitur
1795 2273 1800 2276 ,

975 2279 1024 2309 vir
1038 2279 1171 2310 doctus·
1216 2279 1346 2322 Θήρωνος
1375 2280 1580 2320 impeto-113·
1602 2279 1680 2322 υμνοι
1701 2281 1747 2324 ὃς·

974 2323 1076 2359 θύσας
1109 2323 1360 2359 ananan-0243„
1379 2324 1479 2356 ἵσταν
1503 2325 1605 2360 ἔας-ον,
1626 2326 1745 2366 hymno
1775 2347 1781 2351 -

974 2370 1126 2400 extollens
1141 2380 1179 2400 ac
1192 2370 1356 2400 celebrans
1362 2370 1648 2410 proeseantissimas
1663 2371 1745 2402 lee-

578 2478 931 2513 PARAPHRASIS
958 2478 1320 2511 BENEDICTINA.

222 2585 225 2591 ,
758 2541 963 2580 STROPHE
982 2540 1016 2578 Ι.
1034 2543 1148 2579 1—9.

204 2605 415 2649 Ins-rrruo
444 2605 633 2657 inclytum
653 2605 914 2657 Agrigentum
942 2616 1090 2649 ornare,
1121 2601 1261 2641 eximia
1269 2601 1391 2640 -laude
1416 2601 1603 2641 Theronis
1621 2613 1745 2653 equos

150 2671 316 2724 pedibus
352 2667 564 2706 indefessos
602 2666 859 2705 celebrando.

154 2730 400 2783 Olympicam
417 2729 643 2779 reportasse,
665 2740 757 2765 cum
775 2725 1002 2764 Theoxenia
1018 2723 1194 2774 agitaret.

911 2678 1008 2717 quos
1035 2664 1090 2701 illi
1135 2663 1402 2702 renunciatum
1441 2670 1500 2701 est
1543 2657 1758 2702 victoriam.

1250 2725 1424 2766 Quorum
1443 2735 1638 2760 sacrorum
1653 2735 1744 2760 cum

151 2791 295 2830 fuerint
312 2797 490 2830 auctores
505 2789 642 2827 Castor
656 2794 695 2826 et
710 2787 888 2832 Pollux,
880 2786 982 2838 ipsis,
996 2797 1148 2823 necnon
1164 2784 1326 2822 Helenae
1342 2783 1475 2830 sorori,
1487 2783 1564 2822 hoc
1575 2781 1743 2822 carmine

154 2852 309 2902 placere
339 2857 444 2902 opto.

499 2849 617 2887 Musa
644 2855 773 2886 autem
795 2846 887 2884 mihi
920 2846 975 2884 sic
1005 2844 1137 2891 astitit,
1164 2845 1260 2883 nova
1278 2843 1460 2882 varietate
1478 2842 1743 2882 admirandum
