1748 3204
131 223 238 297 (26)
670 237 907 270 PINDARI
933 238 1079 271 vrrA.

137 326 264 374 Nam
290 322 401 372 cum
426 339 583 372 earum
608 323 782 373 foribus
806 323 1087 388 adscriptum
1126 332 1302 372 extaret
1328 325 1421 373 hoc
1445 341 1656 385 carmen,

372 412 540 466 Πινδαίςου
554 416 613 451 τοῦ
631 417 835 462 μουσοποιοῦ
855 413 918 450 τὰν
938 412 1058 460 mimz·
1075 413 1122 462 μὲ
1138 412 1262 459 node-n,

141 488 233 536 hoc
292 485 519 533 admoniti
577 471 939 543 Lacedaemonii,
965 486 1022 532 ab
1059 484 1275 532 incendio
1323 484 1658 533 abstinuerunt.

138 562 271 611 Idem
321 562 378 608 ab
422 560 686 607 Alexandro
726 561 905 623 Magno
926 601 930 606 .
950 559 1125 607 factum
1165 558 1304 606 fuisse
1348 558 1515 618 ferunt,
1564 560 1659 624 qui,

137 636 281 700 captis
303 634 494 689 Thebis,
520 635 670 682 solam
689 635 874 682 Pindari
898 634 1093 683 domum
1111 633 1362 681 consistere
1391 651 1551 698 passus
1575 644 1662 689 est.

138 711 323 768 AElian.
346 710 460 758 Var.
482 710 604 758 Hist.
629 710 707 758 lib.
731 711 868 758 XIII.
907 728 949 757 c.
975 718 1021 766 7.
1093 709 1244 757 Natus
1281 718 1353 757 est
1384 709 1661 774 Olympiade

138 800 260 834 mxv.
325 793 512 848 eratque
543 782 952 849 'quadragenarius
1019 785 1130 832 cum
1199 784 1375 832 Xerxes
1430 784 1662 831 Graeciam

135 869 348 918 vastaret,
399 868 518 918 teste
558 860 718 907 Suida.
788 859 935 918 Vixit,
980 869 1033 909 ut
1070 859 1262 923 quidam
1302 859 1480 916 volunt,
1515 874 1662 907 annos

138 951 286 991 LXVI,
303 936 391 993 vel,
406 947 460 983 ut
480 935 572 998 alii,
595 952 678 983 ΙΝ.
701 936 788 994 vel,
806 945 859 983 ut
879 937 1050 983 habent
1068 936 1236 1000 Graeca
1258 935 1478 993 carmina,
1496 949 1666 981 Lxxx.

137 1011 271 1069 Obiit
312 1010 590 1083 Olympiade
627 1025 852 1068 LXXXVI.
908 1008 1055 1076 [anno
1078 1020 1185 1058 ante
1217 1010 1457 1058 Christum
1484 1008 1666 1056 circiter

139 1087 436 1136 ccccxxxv
436 1081 495 1149 ⁰·]
572 1086 731 1150 thue
770 1086 909 1135 refert
932 1084 1116 1144 Suidas‚
1140 1085 1334 1150 contigit
1363 1083 1467 1148 ipsi,
1505 1092 1558 1130 ut
1580 1100 1665 1148 pro

136 1162 253 1224 votis
277 1161 370 1208 vita
389 1160 741 1224 defungeretur.
813 1161 940 1208 Nam
963 1170 1175 1232 precatus
1199 1169 1296 1207 erat
1320 1169 1374 1207 ut
1391 1159 1517 1223 quod
1540 1167 1666 1206 esset

136 1238 186 1285 in
228 1237 322 1283 vita
367 1235 600 1300 optimum
647 1245 1020 1299 consequeretur.
1104 1238 1261 1289 Quare
1295 1235 1343 1282 in
1380 1225 1627 1292 theatro,
1614 1251 1662 1280 m

136 1295 395 1367 Theoxeni,
442 1309 530 1356 sibi
575 1309 730 1367 amici,
755 1327 908 1373 genua
948 1310 1213 1367 reclinatus,
1237 1310 1443 1359 animam
1482 1308 1665 1356 efflavit.
1710 1326 1712 1328 ’

138 1387 246 1454 Qua
270 1385 327 1432 de
350 1402 410 1434 1e
415 1384 518 1431 vide
542 1384 682 1431 etiam
706 1384 946 1437 Valerium
972 1385 1255 1443 Maximum,
1277 1385 1357 1432 lib.
1384 1385 1467 1432 IX.
1493 1393 1568 1431 12.

221 1459 514 1523 Scriptorum
572 1458 757 1506 Pindari
820 1459 1055 1522 catalogus
1102 1468 1227 1506 extat
1281 1459 1403 1525 apud
1454 1458 1665 1516 Suidam‚

135 1551 337 1600 numero
358 1548 497 1597 xvn.
524 1533 882 1596 olympionicen,
894 1533 1193 1596 Pythionicae‚
1206 1533 1526 1593 Nmneonicae,
1539 1534 1665 1587 Isth-

134 1609 381 1674 mionicae;
419 1608 674 1666 Prosodia,
727 1608 990 1665 Parthenia,
1039 1608 1378 1666 Enthronismi,
1414 1609 1661 1667 Bacchica,

133 1668 543 1751 Daphnophorica‚
603 1683 809 1740 Paeanes,
877 1682 1069 1746 Hymni,
1126 1683 1439 1750 Dithyrambi,
1494 1684 1665 1748 Scolia,

133 1758 379 1815 Encomia,
403 1757 597 1817 Threni,
613 1758 838 1811 Dramata
862 1758 1050 1821 tragica,
1076 1758 1426 1822 Epigrammata
1447 1759 1664 1812 heroica:

132 1842 355 1898 praeterea
391 1831 542 1878 multa
582 1830 685 1878 alia.
773 1832 847 1878 Ex
892 1832 961 1879 his
993 1833 1209 1880 omnibus
1234 1833 1396 1897 reliqui
1419 1843 1529 1881 sunt
1551 1851 1666 1902 qua-

132 1923 241 1961 tuor
280 1911 433 1977 primi,
467 1929 583 1976 quos
607 1904 799 1976 πεξῖοὸον
826 1913 978 1960 Graeci
1002 1923 1184 1961 vocant.
1253 1914 1664 1962 Denominationis
1734 1915 1740 1921 ’

133 1998 293 2055 autem
333 1987 449 2034 ratio
488 1988 587 2034 haec
620 1998 706 2046 est,
731 1988 856 2052 quod
897 1989 1151 2036 certamina
1191 1989 1541 2052 complectatur,
1560 2007 1665 2054 quae

132 2064 267 2111 certis
337 2063 623 2126 temporibus
680 2064 906 2111 redibant.
999 2063 1213 2111 Victores
1254 2065 1305 2111 in
1351 2065 1490 2112 sacris
1536 2066 1664 2113 hisce
1746 2083 1748 2098 ³

132 2137 461 2201 certaminibus
490 2138 715 2184 encomiis
733 2147 925 2185 exornat
947 2138 1172 2185 Pindarus
1190 2160 1202 2194 ;
1229 2156 1282 2186 ac
1299 2139 1450 2202 primo
1474 2140 1664 2204 quidem

127 2213 246 2276 libro
266 2212 631 2276 Olympionicas.
676 2214 814 2261 Unde
838 2213 1044 2277 primum
1061 2213 1118 2261 de
1144 2213 1373 2278 Olympiis
1393 2214 1662 2269 dicendum.

1303 2294 1610 2355 Bmzmcr,
