1826 3178
670 578 719 626 Π
759 578 809 625 Υ
849 577 896 625 Θ
929 577 960 623 '1
996 578 1062 624 A.

18 728 23 737 ¹
419 668 425 674 ·
780 710 950 755 Εἶδόςδῖ

250 858 258 866 ·
327 837 842 902 ΑΡΚΕΣΙΛΑῼ
920 833 1415 902 ΚΥΡΗΝΑΙῼ,

0 913 17 943 r

784 968 955 1023 ‘'Agim-rc.

670 1293 1062 1326 ARGUMENTUM.

54 1394 127 1434 ,ΙΝ
147 1391 349 1439 Arcesilai,
363 1390 469 1443 regis
486 1391 671 1442 Cyrenes,
690 1358 878 1428 honorem
898 1403 1053 1428 carmen
1064 1402 1106 1428 se
1120 1385 1279 1442 aggredi
1298 1391 1519 1461 professus,
1528 1392 1671 1441 statim,

132 1457 305 1507 Cyrenes
330 1451 524 1490 mentione
557 1449 673 1496 facta,
711 1450 819 1501 quasi
854 1450 1010 1488 numine
1046 1450 1204 1497 afflatus,
1231 1451 1281 1489 ad
1316 1453 1486 1521 origines
1514 1454 1680 1493 colonia}

80 1542 87 1548 ·
131 1513 386 1568 progreditur,
394 1523 434 1551 et
445 1511 601 1550 Medeae
611 1510 832 1549 vaticinium
843 1519 1031 1549 memorat
1039 1511 1255 1562 Euphemo
1275 1513 1340 1550 uni
1356 1527 1406 1551 ex
1424 1515 1674 1565 Argonautis,

78 1598 81 1602 ·
132 1577 383 1615 datum-94.
400 1572 607 1623 subjuncta
616 1570 1050 1622 simulinterpretatione
1059 1584 1110 1608 ex
1121 1572 1278 1609 oraculo
1286 1572 1449 1624 Delphis
1458 1575 1574 1612 Batto
1586 1575 1678 1613 dato

132 1636 183 1676 de
193 1631 393 1676 co1oiaia‘in
406 1634 572 1685 Libyam
586 1629 959 1670 deducenda—118.
991 1631 1102 1669 ‘Inde
1118 1632 1284 1670 fabulam
1299 1632 1348 1671 de
1362 1635 1678 1685 Argonautarum

130 1695 369 1749 profectione
381 1694 528 1733 orditur
538 1696 692 1739 3-438.
712 1692 790 1738 ubi,
805 1691 935 1730 occiso
949 1692 1117 1730 dracone
1131 1699 1170 1731 et
1180 1693 1322 1731 vellere
1335 1687 1577 1746 recuperato,
1592 1696 1679 1733 reli-

131 1754 393 1810 quabrevibus
405 1754 676 1806 complectitur
684 1753 734 1791 ad
747 1755 838 1794 467.
878 1753 976 1791 Inde
986 1754 1090 1791 bona
1101 1753 1247 1791 monita
1259 1755 1471 1806 subjungit.
1508 1755 1580 1793 Est
1596 1764 1679 1793 car-

54 1862 60 1870 ,
78 1809 85 1820 ’
117 1811 219 1857 ‘men
227 1815 341 1857 solito
354 1815 694 1870 longius‚fabulam
703 1821 933 1865 argumento
944 1814 1202 1860 substernens,
1211 1828 1298 1865 quae
1304 1814 1354 1852 ad
1360 1814 1545 1866 originem
1555 1815 1683 1866 gentis

102 1877 395 1922 Jsattiadmm
404 1876 587 1929 praeclare
594 1874 885 1914 accommodata
895 1882 967 1920 est,
975 1883 1015 1913 et
1024 1875 1156 1913 adhoc
1167 1875 1367 1914 consilium
1377 1876 1491 1914 unice
1503 1884 1685 1927 spectare

29 1926 40 1934 λ
132 1937 296 1977 videtur.
331 1937 532 1976 ⁵Carmina·
546 1935 732 1987 longiora,
752 1934 791 1971 in
810 1934 947 1985 quibus
967 1935 1099 1986 Mythi
1118 1944 1416 1986 exponerentur,
1428 1936 1539 1974 fuere
1556 1937 1680 1988 plura,

131 1997 303 2050 inprimis
317 1997 538 2039 Stesichori.
558 1999 562 2003 “
580 1997 766 2047 Subjecta
779 2002 909 2033 autem
923 2007 946 2033 a
958 1998 1050 2036 467.
1067 1996 1170 2033 bona
1185 1996 1343 2035 consilia
1361 2004 1402 2035 et
1419 1996 1565 2035 monita
1577 1996 1683 2034 haud

137 2059 272 2110 parum
283 2070 307 2096 a
318 2059 455 2097 natura
467 2056 644 2112 carminis
656 2055 766 2107 lyrici
776 2055 964 2093 recedunt
975 2072 985 2100 ;
1003 2068 1077 2093 nec
1089 2056 1274 2096 satisfacit
1284 2057 1382 2095 ratio
1395 2058 1463 2095 viri
1473 2057 1578 2095 docti
1591 2057 1684 2095 alio-

137 2117 204 2169 qui
214 2117 423 2168 ingeniosa,
440 2116 515 2168 qua
529 2129 682 2155 carmen
694 2115 749 2153 ita
762 2115 946 2162 defendit,
962 2124 1005 2154 ut
1020 2116 1244 2167 Damophili
1258 2129 1422 2167 persona
1439 2125 1685 2168 comparetur

142 2190 232 2216 cum
250 2177 406 2223 Jasone,
425 2185 466 2215 et
483 2177 532 2215 ad
546 2177 670 2214 hunc
677 2189 825 2214 summa
851 2176 1027 2214 carminis
1054 2175 1269 2222 referatur3
1296 2190 1381 2215 eam
1399 2178 1540 2216 refellit
1559 2186 1684 2216 totum

119 2236 316 2275 carminis
332 2245 598 2288 argumentum
617 2243 656 2274 et
675 2235 874 2274 consilium
892 2236 942 2274 ad
960 2237 1199 2275 Arcesilaum
1227 2246 1419 2288 spectans.
1474 2239 1575 2278 Sunt
1591 2237 1682 2303 vero

117 2294 273 2371 similia
290 2298 468 2346 carmina,
488 2296 649 2350 adjectis
667 2297 737 2335 sub
756 2296 871 2335 finem
889 2297 1054 2345 monitis,
1076 2297 1320 2350 Pyth.1.11.

70 2411 93 2436 '6

54 2482 106 2530 2³

59 2529 98 2563 a}

61 2589 114 2620 ,η’
