1826 3178
724 195 730 199 .
755 157 782 237 ξ(
843 158 947 235 ⁰327
1005 157 1033 217 γ)

375 387 379 411 ²
446 387 547 450 DE
596 387 834 435 LUDIS
887 385 1279 436 NEMEAEIS.

764 521 956 539 ᾳ*

81 615 84 619 ’
131 618 356 666 Nnmm
374 616 504 662 Lum
521 614 631 662 dicti
650 623 758 661 sunt
780 631 808 661 a
823 613 1005 661 Nemea
1022 612 1174 676 Sylva,
1191 615 1262 661 vel
1287 614 1489 678 regione,
1512 629 1655 678 quam

11 709 14 715 ·
65 691 246 747 Nemea
275 688 419 754 Asopi
442 688 535 736 filia
570 689 634 735 sic
670 706 698 736 a
732 704 781 735 se
808 686 1140 735 denominavit.
1210 689 1387 736 Eorum
1416 697 1655 736 auctorem

62 765 202 814 fuisse
246 765 506 812 fabulantur
552 763 820 820 Herculem,
860 761 990 826 ‘quod
1036 762 1099 809 ibi
1148 763 1424 811 Nemeaeum
1470 764 1655 811 leonem

63 840 320 889 cecidisset.
388 838 482 885 Alii
501 837 705 885 referunt
727 838 786 885 ad
808 837 949 885 duces
971 837 1220 885 Thebanos
1234 838 1337 885 illos
1359 848 1554 903 septem,
1576 836 1669 902 qui

63 914 269 982 Polynici
290 913 350 961 ad
369 913 555 960 Thebas
579 913 868 968 militarunt3
904 921 952 959 et
974 913 1039 959 sic
1061 913 1300 961 historiam
1324 921 1605 962 contexunt:

129 990 321 1053 Septem
374 988 514 1035 duces
559 987 718 1050 Argivi
767 988 877 1034 cum
922 987 1107 1035 Thebas
1153 988 1358 1052 Polynici
1403 988 1655 1035 militatum

16 1084 30 1101 r
60 1064 263 1122 ivissent,
286 1063 335 1109 in
365 1062 438 1109 via
473 1061 547 1108 siti
579 1061 792 1125 correpti,
827 1062 875 1108 in
902 1061 1180 1126 Hypsipylen
1203 1063 1460 1111 Lemniam
1482 1061 1655 1109 incide-

12 1199 13 1202 *
61 1148 185 1196 runt,
231 1154 335 1202 quae
380 1136 596 1200 Lycurgi,
640 1136 888 1185 sacerdotis
934 1137 1078 1191 Jovis‚
1125 1147 1172 1184 et
1215 1138 1464 1201 Eurydices
1507 1137 1655 1184 filium

18 1203 22 1207 ⁸
61 1213 314 1278 Opheltam
358 1211 548 1259 ferebat.
619 1212 735 1259 Haec
781 1221 956 1275 rogata,
1002 1221 1223 1276 tanquam
1264 1213 1411 1277 perita
1454 1211 1655 1276 regionis

20 1286 35 1354 {J
58 1290 173 1356 ejus,
219 1295 274 1334 ut
318 1303 486 1350 aquam
531 1287 810 1344 ostenderet,
864 1287 1055 1334 alumno
1106 1288 1226 1335 inter
1269 1289 1434 1336 herbas
1477 1287 1654 1344 relicto,

25 1351 34 1402 ’ἕ
60 1363 252 1411 ducibus
286 1361 375 1409 illis
410 1361 470 1408 ad
505 1360 684 1408 fontem
723 1361 808 1407 viae
840 1361 934 1406 dux
978 1361 1079 1408 fuit.
1176 1362 1366 1409 Interim
1411 1360 1653 1426 Opheltes,

29 1470 35 1478 -
59 1425 248 1505 absente
270 1426 465 1492 nutrice,
490 1452 650 1481 morsu
666 1434 878 1481 venenati
897 1433 1118 1498 serpentis
1137 1447 1324 1483 enectus
1342 1446 1427 1484 est.
1497 1436 1654 1484 Duces

24 1544 29 1547 -
59 1502 218 1560 autem
242 1528 351 1558 cum
377 1509 625 1573 Hypsipyle
650 1508 815 1556 reversi
849 1508 895 1555 in
932 1525 1040 1555 eum
1072 1508 1245 1565 locum,
1271 1525 1319 1555 re
1341 1511 1435 1556 visa
1458 1525 1654 1572 puerum

58 1585 351 1658 sepelierunt,
376 1594 437 1637 et,
464 1584 616 1631 occiso
640 1591 867 1647 serpente,
891 1583 940 1629 in
966 1583 1154 1630 nutricis
1178 1582 1396 1629 solatium
1419 1592 1655 1630 certamen

57 1654 250 1708 funebre
273 1658 409 1707 tertio
427 1675 611 1722 quoque
634 1675 757 1705 anno
781 1644 1104 1705 celebrandum
1129 1657 1442 1705 instituerunt.
1500 1652 1654 1711 Quae-

22 1728 175 1796 {ritur
211 1743 384 1787 autem,
421 1750 514 1797 quo
550 1742 686 1796 pacto
725 1733 774 1778 in
812 1731 1057 1779 Lemniam
1099 1731 1343 1779 mulierem
1365 1731 1651 1778 inciderint?

21 1789 156 1883 {Sed
190 1809 299 1857 huic
338 1807 583 1873 quaestioni
618 1808 708 1854 hoc
748 1807 889 1854 modo
921 1806 1205 1854 satisfaciunt
1234 1824 1292 1854 ex
1320 1807 1569 1871 Theagene
1603 1806 1654 1853 in

27 1867 193 1959 {jebus
216 1883 514 1947 AEgineticis.
584 1883 864 1930 Lemniades
881 1882 1094 1929 mulieres
1118 1899 1228 1929 cum
1252 1899 1309 1929 ex
1330 1891 1464 1946 pacto
1488 1899 1654 1929 omnes

39 1975 167 2030 §uos
209 1958 485 2006 occidissent
527 1958 663 2014 viros,
709 1957 807 2004 sola
848 1957 1094 2020 Hypsipyle
1128 1957 1332 2003 Thoanti
1377 1956 1494 2020 patri
1533 1956 1654 2003 illius

56 2033 222 2092 insulae
266 2033 362 2096 regi
406 2032 625 2096 pepercit.
712 2034 866 2085 Quam
903 2033 963 2078 ob
999 2048 1185 2078 causam
1231 2008 1509 2079 Lemniades
1549 2046 1654 2077 eam

57 2127 187 2163 ream
230 2109 452 2166 fecerunt,
487 2118 535 2156 et
579 2108 726 2171 capite
772 2108 997 2154 mulctare
1038 2108 1351 2154 decreverunt.
1442 2106 1539 2154 Sed
1583 2106 1654 2153 his

57 2184 224 2233 auditis
263 2183 441 2247 aufugit
481 2184 744 2247 Hypsipyle,
785 2192 833 2229 et
872 2182 919 2228 in
955 2182 1154 2246 latrones
1199 2181 1378 2239 incidit,
1424 2198 1452 2228 a
1486 2181 1652 2245 quibus

58 2248 270 2329 Lycurgo
310 2257 540 2305 divendita
571 2267 674 2312 est;
710 2257 803 2320 qui,
836 2257 929 2304 sive
954 2258 1243 2304 Nemeorum
1278 2273 1372 2314 rex,
1394 2255 1491 2304 sive
1526 2256 1655 2304 Jovis

42 2337 289 2404 sacerdos,
335 2336 421 2382 illi'
440 2335 586 2382 filium
629 2336 879 2398 Opheltam
922 2334 1218 2383 nutriendum
1265 2334 1407 2382 dedit.
1495 2335 1655 2398 Itaque

45 2411 54 2434 *¹
74 2414 148 2483 ⁹s'c
170 2421 457 2460 transeuntes
481 2411 546 2458 illi
570 2411 708 2458 duces
731 2411 778 2457 in
797 2428 900 2458 eam
916 2411 1047 2459 facile
1061 2412 1335 2459 inciderunt.
1406 2411 1653 2458 Pausanias

49 2408 121 2567 ζ
151 2486 360 2534 Phocicis
405 2486 468 2533 ait
505 2487 756 2532 Adrastum
789 2495 1026 2534 auctorem
1063 2504 1177 2538 esse,
1219 2495 1266 2533 et
1306 2503 1385 2533 eos
1422 2486 1501 2549 qui
1542 2484 1652 2532 dicti

57 2570 166 2627 gunt
186 2561 402 2626 Epigoni,
432 2561 757 2608 instauratores
781 2560 938 2619 fuisse,
961 2562 1268 2610 Nemeorum.
1340 2561 1395 2607 In
1423 2560 1650 2607 honorem

60 2625 276 2702 Opheltae
315 2636 455 2699 igitur
498 2636 766 2682 institutum
801 2644 870 2682 est
908 2636 997 2682 hoc
1040 2644 1274 2682 certamen
1315 2634 1521 2682 funebre.
1611 2633 1654 2679 Is

61 2706 218 2775 autem
254 2709 342 2756 alio
382 2709 571 2756 nomine
610 2710 757 2756 dictus
798 2719 868 2756 est
899 2705 1245 2764 Archemorum
1281 2709 1497 2772 quoniam
1536 2708 1654 2753 Am-

62 2786 274 2851 phiaraus
295 2798 418 2837 vates
443 2798 644 2836 mortem
668 2790 765 2857 ejus
789 2792 847 2838 ab
868 2790 1000 2838 initio
1031 2791 1137 2840 vitae
1171 2791 1408 2857 praedixit;
1447 2797 1493 2835 et
1530 2777 1658 2851 ἀρχῆ

55 2869 348 2933 principium,
370 2862 507 2935 μὸξος
529 2881 712 2918 mortem
736 2855 975 2935 significat.

794 2961 828 2992 Y
855 2962 888 2991 Y
