1826 3178
155 155 223 204 4⁶
681 146 971 196 OLYMP.
1003 150 1120 222 ὀο.
1140 151 1226 196 w.

302 247 369 291 25
446 235 684 310 Χοιῖξοντοὶ
709 260 757 290 τε
785 237 964 300 ξεινίαις
983 237 1237 301 πανδόκοις,

445 320 544 372 Καὶ
572 316 677 392 orgia·
704 318 910 390 ἁσυχίαν
936 319 1175 387 φιλόπολιν

445 403 652 474 Καθαξᾷ
677 401 838 472 γνώμᾳ
861 400 1184 476 τετραμμένον.

447 483 522 536 Oti
548 481 723 550 ψεύδεϊ
741 482 889 550 τέγξαι

446 563 616 631 Λόγον.
691 564 906 638 διάπειξοί
932 590 998 619 τοι

574 649 599 661 Α·
644 643 665 664 2!

302 656 371 698 30
443 651 618 720 Βςοτων
645 659 863 719 ελεγχος.

845 783 891 817 Ε.
945 781 990 816 Κ.
1010 778 1071 822 ιβ’.

432 845 505 901 'A
526 870 606 920 mg
633 846 885 919 Κλυμένοιο
909 841 1061 902 παῖδα

443 929 719 1001 Λαμνιάδων
745 933 965 997 γυναικῶν

439 1009 639 1065 Ἔλυσεν
664 1012 713 1075 ἐξ
740 1013 955 1084 οἷτιμῖοις.

442 1097 679 1146 Χαλκοῖσι
707 1092 743 1146 δ’
764 1094 803 1146 ἒν
829 1091 968 1146 ἔντεσι
996 1096 1116 1146 mii„

300 1184 364 1228 35
443 1173 648 1246 Δξὸμον,
675 1171 811 1227 ἔειπεν
830 1171 1154 1243 “Υψιπυλει’ᾳ,

449 1256 594 1308 Μετοὶ
620 1248 834 1323 στέφανον
860 1256 946 1308 ι’ὦν·

446 1335 597 1397 Οὗτος
625 1335 715 1404 ἐγὼ
739 1340 1000 1409 ταχυτᾶτι·

1130 1442 1152 1476 [3
1192 1432 1304 1467 ns‘w‘*
1339 1447 1348 1454 .

200 1494 255 1524 29.
298 1488 456 1521 Dixerat:
481 1501 550 1522 non
565 1491 792 1522 contaminabo
803 1491 932 1523 taudem
976 1494 1138 1522 certamen
1162 1487 1328 1530 Erginum
1345 1489 1415 1532 jam
1437 1495 1531 1522 aetate
1551 1497 1755 1531 provectum.

155 1536 334 1572 mendacio,
358 1535 419 1566 hoc
445 1539 494 1564 est
515 1544 623 1566 veram
646 1534 776 1566 laudem
791 1535 932 1577 eloquar,
979 1535 1146 1574 Exceptus
1171 1533 1239 1564 risu
1261 1533 1478 1572 foeminarum,
1493 1545 1569 1566 mox
1586 1536 1686 1567 victor
1707 1537 1749 1568 ad

155 1592 251 1622 quam
281 1581 352 1620 ipsa
377 1590 428 1611 res
451 1590 559 1610 veram
584 1590 650 1610 esse
679 1586 806 1619 arguet.
853 1580 930 1611 Hoc
974 1579 1144 1619 praemium
1159 1579 1199 1609 ab
1216 1578 1400 1621 Hypsipyle
1423 1579 1634 1619 repetendum
1657 1591 1748 1612 acce·

154 1625 252 1656 dixit:
279 1625 484 1664 experientia,
499 1623 570 1662 ipsa
584 1633 648 1661 res,
663 1629 806 1660 eventus
821 1636 929 1656 verum
975 1623 1065 1660 dens,
1082 1625 1169 1655 Ecce
1197 1634 1257 1661 me,
1280 1623 1334 1661 ait,
1345 1626 1465 1665 pedum
1487 1626 1654 1657 velocitate
1668 1628 1748 1658 salis

154 1670 276 1710 arguit,
311 1667 446 1710 ὶλίγχει.
503 1667 630 1699 Eadem
667 1668 828 1699 sententia
861 1676 930 1700 erat
973 1671 1153 1705 valentem,·
1176 1679 1236 1699 nec
1263 1671 1373 1701 minus
1402 1680 1560 1701 manuum
1584 1671 1702 1701 virtute
1714 1676 1749 1702 et

154 1712 214 1745 01.
231 1713 264 1745 1.
275 1715 330 1745 53.
974 1715 1092 1744 animo.
1139 1711 1231 1754 Ergo
1257 1719 1290 1744 et
1312 1713 1347 1744 in
1361 1714 1424 1747 hoe
1438 1713 1507 1753 ipsa
1520 1724 1572 1745 res
1592 1713 1748 1755 arguebat

198 1761 256 1789 81.
303 1755 379 1788 vid.
404 1754 511 1787 Schol.
575 1754 701 1787 Sufficit
735 1761 855 1795 tenere,
893 1757 929 1788 in
975 1757 1141 1798 Erginum
1178 1757 1299 1797 pedum
1336 1757 1505 1790 velocitate
1541 1763 1574 1789 et
1607 1759 1749 1798 corporis

150 1802 385 1835 certaminibus
414 1800 556 1832 adventu
593 1801 859 1841 Argonautarum
891 1802 928 1832 in
971 1803 1087 1833 robore
1101 1801 1219 1834 valere.
1265 1802 1390 1833 Debuit
1404 1808 1514 1834 autem
1529 1803 1591 1834 hoc
1605 1813 1645 1833 ex
1659 1800 1745 1834 anti-

153 1846 284 1879 Lemno
305 1847 346 1878 ab
371 1845 554 1886 Hypsipyle
579 1845 698 1876 habitis
717 1847 872 1885 prodiisse
887 1846 929 1877 ad
971 1847 1085 1888 quiore
1109 1845 1408 1889 Argonauticon-um
1441 1847 1596 1889 scriptore
1628 1854 1747 1879 notum

152 1901 267 1924 cursus
282 1892 331 1934 (et
357 1889 489 1931 quidem
505 1890 638 1928 ὅτλίπυ,
653 1896 692 1921 ut
713 1895 809 1923 v-34.
824 1889 926 1932 patet)
972 1902 1052 1923 esse.

92 2018 106 2025 ⁶
150 2008 229 2060 qua
263 2006 448 2059 quemvis,
481 2007 642 2046 excluso
670 2006 834 2054 nemine,
868 2006 1071 2058 dignatur3
1098 2015 1157 2048 est
1193 2007 1420 2059 reipublicae
1448 2007 1742 2057 amantissimae,

148 2076 190 2107 et
216 2068 267 2107 ad
283 2080 420 2119 pacem
438 2068 572 2119 patriae
602 2068 786 2107 tuendam
804 2067 1004 2115 educatus,
1023 2068 1081 2107 vir
1110 2069 1204 2108 fuco
1222 2081 1369 2116 carens,
1388 2076 1428 2107 et
1445 2065 1596 2108 sincera
1611 2076 1743 2108 mente

148 2128 290 2168 clarus.
341 2128 405 2167 Ob
425 2141 512 2180 quae
529 2128 654 2180 ipsum
672 2129 812 2167 laudo:
840 2141 914 2167 nec
931 2129 1122 2168 ullatenus
1140 2129 1316 2168 mentior.
1370 2129 1487 2173 Quod
1504 2128 1621 2180 vulgi,
1640 2128 1744 2167 illius

144 2188 422 2228 humanitatem
461 2189 624 2241 experti,
665 2189 926 2228 testimonium
953 2191 1191 2242 comprobat.
1257 2190 1360 2228 Nam
1385 2182 1624 2241 exiperientia
1648 2189 1742 2228 satis

146 2262 339 2301 superque
366 2249 494 2301 arguit
520 2250 651 2301 quales
677 2249 754 2289 sint
779 2249 966 2290 homines.
1022 2253 1120 2295 Quae
1145 2263 1250 2289 nune
1283 2250 1451 2290 ostendit
1482 2249 1740 2296 Psaumidem,

146 2323 379 2362 quamquam
397 2318 480 2349 erat
497 2317 587 2348 ante
604 2324 724 2350 annos
743 2324 873 2358 canuS,
889 2325 968 2350 non
981 2311 1104 2351 minus
1121 2311 1239 2351 fuisse
1254 2311 1409 2359 fortem,
1428 2318 1469 2350 et
1489 2310 1541 2350 ad
1556 2310 1742 2363 Olympia

147 2378 295 2423 aptum,
316 2370 504 2422 siquidem
520 2371 720 2410 victoriam
737 2371 960 2424 reportavit.

722 2432 1137 2483 .EPon.31—adfin

202 2495 261 2535 Ut
290 2501 331 2532 et
357 2493 493 2545 Ergini
523 2507 639 2534 canos
669 2503 932 2547 praematuros,
965 2497 1060 2535 nihil
1087 2495 1235 2547 vegetis
1274 2493 1501 2546 juvenilium
1549 2506 1738 2533 annorum

147 2554 291 2595 viribus
317 2553 530 2593 detraxisse
560 2555 713 2606 arguit;
739 2570 858 2608 quum
875 2557 915 2594 in
932 2557 1098 2596 stadium
1124 2557 1328 2607 ingressus,
1355 2562 1496 2606 praeter
1518 2554 1738 2606 opinionem

145 2616 316 2656 omnium
328 2614 439 2653 vicit:
470 2624 510 2653 et
523 2616 817 2656 Lemniacarum
833 2618 1035 2656 mulierum
1047 2617 1256 2656 irrisionem
1274 2615 1368 2655 eluit
1381 2632 1392 2655 z
1420 2615 1475 2654 ita
1487 2622 1531 2654 ut
1541 2615 1738 2654 admiratae

147 2677 224 2717 sint
237 2689 326 2716 eum
343 2688 458 2727 quem
476 2689 527 2714 ex
542 2677 680 2716 canitie
693 2679 744 2716 ad
758 2681 953 2718 certamen
963 2692 1041 2717 non
1058 2678 1239 2717 idoneum
1245 2677 1485 2730 judicabant.
1538 2676 1628 2724 Qui,
1644 2676 1736 2715 cum

147 2739 188 2777 in
201 2737 314 2778 armis
332 2735 446 2775 aeneis
464 2736 587 2775 Zeten
605 2744 646 2776 et
665 2738 800 2777 Calain
813 2738 985 2790 juniores
1004 2752 1120 2777 cursu
1134 2739 1375 2790 superassem
1402 2744 1443 2776 et
1460 2736 1510 2775 ad
1527 2737 1735 2788 petendam

146 2800 196 2839 ab
211 2795 432 2852 Hypsipyle,
445 2810 627 2838 coronam
637 2810 679 2838 se
697 2798 902 2849 conferret,
918 2798 955 2839 ei
968 2799 1086 2854 dixit:
1118 2803 1144 2823 “
1160 2799 1260 2852 Ego,
1275 2810 1390 2851 quem
1401 2796 1670 2851 despiciebatis
1683 2796 1737 2836 ob
