1748 3204
494 488 905 580 PltNDARI
968 489 1223 544 VITA.

197 791 270 875 P
272 847 514 886 nunnus
550 841 710 880 noster
731 832 820 880 fuit
852 833 1123 892 Thebanus,
1146 851 1204 882 ex
1227 835 1284 883 iis
1305 835 1498 894 Thebis,
1521 854 1627 901 quae

95 908 146 956 in
200 909 384 956 Boeotia
427 917 553 967 sunt,
599 908 838 956 oriundus.
910 910 1049 957 Hunc
1094 910 1172 957 alii
1233 911 1504 976 Daiphanti,
1550 912 1629 959 alii

95 983 330 1047 Scopelini
381 984 528 1031 filium
573 983 762 1031 faciunt.
833 985 955 1032 Sunt
989 984 1067 1048 qui
1101 985 1392 1034 binominem
1446 996 1626 1051 patrem

95 1059 267 1112 dicant,
305 1068 359 1107 ut
399 1059 523 1107 idem
556 1060 616 1107 sit
637 1061 931 1125 Daiphantus
968 1070 1016 1108 et
1061 1061 1352 1125 Scopelinus.
1423 1064 1630 1128 Recepta

96 1151 154 1182 ex
214 1135 486 1182 auctoritate
531 1135 712 1182 Suidae·
750 1136 978 1183 sententia
1022 1136 1124 1183 haec
1164 1146 1249 1189 est,
1305 1137 1439 1185 illum
1488 1138 1630 1186 fuisse

94 1209 351 1273 Daiphanti
370 1210 534 1256 filium.
579 1211 850 1258 ‘Auleticen
865 1211 911 1258 in
936 1211 1089 1276 prima
1106 1212 1304 1276 pueritia
1326 1230 1355 1259 a
1377 1213 1628 1277 Scopelino

94 1295 260 1349 patruo
304 1294 375 1331 est
410 1285 620 1341 edoctuS‚
644 1295 691 1332 et
712 1286 1033 1349 postmodum,
1066 1289 1177 1334 cum
1204 1304 1359 1334 rerum
1394 1290 1628 1351 majorum

96 1377 240 1424 capax
283 1359 528 1417 videretur,
574 1362 632 1407 ab
678 1378 735 1407 eo
771 1361 966 1408 traditus
1006 1370 1077 1408 est
1112 1362 1235 1409 Laso
1280 1363 1627 1423 Hermionensi,

95 1442 248 1498 poetae
287 1434 444 1497 lyrico,
469 1452 497 1482 a
519 1452 613 1498 quo
654 1452 751 1482 non
789 1435 933 1482 modo
978 1453 1167 1483 carmen
1214 1454 1514 1502 componere,
1547 1440 1630 1487 sed

94 1509 238 1557 etiam
277 1509 422 1571 lyram
466 1509 664 1572 pulsare,
689 1509 874 1564 didicit;
924 1527 1065 1573 quam
1103 1520 1253 1558 artem
1287 1511 1352 1559 ita
1376 1514 1550 1571 calluit,
1575 1524 1629 1562 ut

93 1584 367 1648 Lyricorum
390 1583 525 1633 facile
548 1583 758 1649 princeps
777 1585 984 1632 evaserit.
1055 1587 1233 1633 Habuit
1256 1587 1397 1635 etiam
1421 1588 1628 1636 Simoni-

93 1659 203 1706 dem
246 1659 295 1706 in
340 1659 546 1707 camnine
603 1669 651 1706 et
708 1660 805 1722 lyra
857 1670 1209 1724 praeceptorem‚
1250 1671 1353 1711 tum
1403 1665 1627 1728 temporis

91 1734 379 1799 praecipuum
411 1734 646 1798 Lyricum.
717 1735 827 1782 Fuit
867 1735 1028 1793 etiam,
1061 1735 1204 1783 Suida
1231 1745 1365 1796 teste,
1408 1739 1625 1802 Myrtidis

2 1811 24 1867 ’,
92 1809 297 1858 mulieris
321 1809 589 1874 discipulus.
658 1811 828 1858 Factus
844 1820 980 1858 aetate
1004 1811 1246 1868 maturior,
1266 1829 1459 1861 uxorem
1477 1814 1625 1873 duxit,

92 1901 150 1932 ex
188 1887 281 1949 qua
314 1885 483 1933 liberos
506 1895 597 1933 tres
621 1886 840 1950 suscepit,
864 1886 1191 1950 Diophantum
1214 1887 1380 1946 filium,
1417 1889 1625 1954 filiasque

91 1961 451 2018 Protomachen,
496 1970 544 2008 et
578 1962 858 2026 Polymetin,
904 1979 1049 2026 quam
1085 1962 1253 2010 Suidas
1288 1964 1510 2012 Eumetin
1543 1982 1623 2029 ap-

18 2052 32 2098 ss
90 2032 246 2099 pellat.
315 2036 524 2083 Fratrem
548 2037 711 2084 habuit
730 2037 1022 2085 Erotionem.
1096 2039 1152 2085 In
1179 2039 1479 2087 matrimonio
1498 2042 1624 2088 caste

91 2110 264 2158 inultos
287 2116 442 2158 annos
458 2111 584 2169 vixit,
616 2113 862 2160 doctorum
900 2113 1224 2172 familiaritate,
1265 2124 1313 2163 et
1353 2116 1624 2179 Principum

91 2185 295 2232 amicitia
317 2203 444 2233 usus.
515 2187 584 2234 Ita
604 2187 678 2251 pie
702 2205 752 2235 se
785 2189 945 2252 gessit,
969 2198 1022 2235 ut
1042 2189 1241 2246 Rheam‚
1273 2188 1545 2254 Apollinem
1576 2200 1625 2239 et

2 2285 11 2325 ᾖ
90 2260 218 2308 Pana
240 2264 412 2326 magna
434 2263 731 2310 veneratione
755 2264 965 2322 coluerit,
989 2274 1037 2311 et
1053 2281 1198 2328 prope
1223 2265 1368 2312 Rheae
1392 2266 1622 2329 templum

45 2399 50 2403 Π
90 2335 213 2383 aedes
257 2336 426 2384 habere
460 2338 671 2385 voluerit.
741 2339 851 2386 Fuit
891 2339 1164 2402 Lyricorum
1199 2340 1474 2388 Graecorum
1504 2357 1622 2404 prae·

89 2411 416 2465 cautissimus,
440 2412 564 2459 unde
598 2413 714 2460 illud
735 2414 970 2477 Antipatri
996 2416 1058 2472 εἰς
1082 2412 1232 2466 εἰκόνα.
1257 2414 1506 2487 Πινδοίξου,

317 2507 474 2560 Nngu'aer
494 2509 610 2546 ὄπι-ὅσοι
629 2509 790 2556 σάλπιγξ
811 2510 989 2562 ὒπτςίσιχεν
1006 2512 1133 2557 αὗλῦν,

372 2568 496 2616 Τένην
517 2570 599 2621 {rig
618 2571 735 2612 ordo-ag
752 2569 873 2622 ἐἰςενγι
893 2575 958 2609 uf·
975 2571 1096 2620 χέλυς.

321 2627 408 2667 Οὐδὲ
422 2629 532 2678 μᾶτην
551 2631 688 2673 eiu-ank
706 2633 814 2678 ξουθὶς
830 2634 905 2683 mg)
918 2634 1065 2681 χείλεσιν
1082 2634 1180 2682 ἑσμὸς

363 2688 530 2727 '‘Eram-s
545 2689 709 2743 nngo'Bern
730 2690 876 2744 na'vtags
895 2695 960 2729 σεῖο
975 2691 1069 2741 μέλι.

321 2749 464 2801 Μᾶςτυς
485 2751 500 2787 ὅ
518 2750 711 2794 Man-imag
728 2753 845 2804 ugo'us
866 2755 963 2797 Θαὶς,
983 2751 1084 2801 x‘e'pur
1096 2754 1213 2795 ae’u'cac

373 2814 435 2847 Tb,
450 2810 515 2857 σέο,
541 2814 601 2849 καὶ
622 2813 737 2861 ’.μίαν
755 2813 936 2863 ano-ipen<
955 2812 1110 2852 Bovium.
